3248 5340
641 482 841 539 ,urrunnun
1248 503 1319 546 cxci

165 636 276 690 luimus.
294 635 368 706 [55]
381 636 440 687 lloc
450 633 582 706 amplius,
598 646 627 687 ut
646 634 802 689 institutum
813 635 938 688 ordinem
951 654 1058 707 sequar,
1079 637 1159 690 rerba
1174 649 1221 692 aut
1238 639 1319 694 latina

163 736 210 778 ant
221 726 363 796 peregrina
377 733 451 777 sunt.
467 725 613 793 Peregrina
625 741 710 796 porro
722 742 755 777 ex
771 723 901 777 omnibus
910 726 1021 797 proprie
1031 725 1148 779 dixerim
1159 728 1317 797 gentibus...

164 814 239 886 [aa]
259 813 311 866 Sed
334 812 389 865 bare
404 812 502 865 divisio
517 830 574 865 mea
589 811 624 864 ad
639 813 766 865 Graccum
781 830 936 866 sermonem
954 814 1089 885 praecipue
1109 818 1237 886 pertinet.
1252 819 1319 871 Nam

164 904 278 956 maxima
295 920 328 954 ex
350 912 426 973 parte
446 902 575 954 Romanis
590 900 654 953 inde
679 919 828 956 conversus
847 912 896 965 est,
915 912 940 954 et
962 891 1099 955 concessis
1118 921 1229 976 quoqne
1244 907 1320 959 Grac·

163 993 202 1046 cis
217 991 324 1046 utimur
340 990 440 1058 verbis,
459 990 506 1044 ubi
527 1004 621 1043 nostra
637 989 753 1060 desunt,
769 991 839 1043 sicut
855 988 894 1042 illi
916 1008 1115 1063 nonuunquam
1132 1011 1146 1045 a
1166 993 1246 1046 nobis
1259 1013 1321 1049 rnu-

164 1090 312 1135 tuantur...

201 1169 276 1241 [71.]
294 1169 407 1239 Propria
427 1181 490 1220 sunt
508 1167 599 1236 rerba,
621 1185 684 1220 cum
700 1166 727 1219 id
742 1167 911 1237 significant,
926 1168 953 1221 in
970 1168 1044 1240 qnod
1060 1171 1180 1241 primum
1195 1170 1321 1224 denomi-

168 1268 229 1311 nata
243 1268 306 1310 sunt
328 1274 335 1310 t
352 1254 491 1326 translata,
506 1274 571 1309 cum
590 1255 675 1309 alium
690 1267 786 1309 natura
802 1255 983 1320 intellectum,
1005 1255 1089 1309 alium
1113 1257 1173 1311 loeo
1188 1260 1318 1331 praebent.

168 1347 279 1400 Usitatis
299 1347 384 1398 tutius
400 1346 526 1398 utimur:
543 1362 611 1397 nora
627 1364 681 1397 non
700 1347 758 1397 sine
777 1344 901 1417 periculo
915 1344 1034 1415 quodam
1058 1345 1194 1415 fingimus.
1212 1350 1281 1401 Nam
1300 1351 1321 1402 si

168 1446 276 1508 recepta
289 1445 362 1499 sunt,
376 1434 512 1486 modicam
527 1432 648 1486 afferunt
664 1432 772 1487 landem
785 1434 919 1501 orationi,
937 1433 1088 1506 repudiata,
1106 1437 1188 1487 eriam
1202 1438 1230 1489 in
1248 1439 1322 1490 iocos

168 1532 277 1576 exeunt.
296 1523 370 1594 [ys]
387 1522 552 1575 Audendum
569 1536 658 1574 tamen
675 1540 681 1574 ι
697 1540 825 1593 namque,
843 1532 872 1574 ιιι
887 1523 984 1575 Cicero
997 1524 1046 1592 ait,
1061 1524 1142 1575 etiam
1156 1541 1217 1595 quar
1231 1527 1321 1596 primo

167 1612 237 1667 dura
257 1614 311 1665 visa
328 1623 401 1679 sunt,
419 1628 472 1664 usu
487 1609 685 1665 molliuntur...

204 1702 268 1773 [Vl.
295 1700 335 1770 1.]
352 1703 398 1752 Est
417 1700 497 1752 etiarn
518 1717 566 1753 sua
581 1698 760 1770 loquentibus
775 1700 938 1765 obsecratio,
955 1716 1003 1751 sua
1017 1699 1211 1756 scribentibus.
1226 1703 1321 1756 Sermo

167 1800 275 1843 constat
299 1791 414 1857 ratione,
437 1799 585 1859 vetustate,
611 1789 783 1853 auctoritate,
812 1786 1022 1841 consuetudine.
1046 1790 1188 1842 Rationem
1214 1802 1321 1862 praestat

167 1879 305 1951 praecipue
323 1877 458 1947 analogia,
481 1894 681 1948 nonnunquam
702 1874 890 1945 ethimologia.
915 1877 1016 1928 Vetera
1039 1879 1163 1930 maiestas
1185 1880 1319 1949 quaedam,

169 1977 205 2037 et,
221 1976 249 2020 ιιι
266 1967 305 2019 sic
326 1964 452 2033 dixerim,
478 1965 573 2036 religio
597 1963 780 2017 commendat.
804 1964 861 2034 [ι.]
884 1967 1041 2018 Auctoritas
1059 1967 1094 2017 ab
1109 1966 1266 2021 oratoribus
1281 1969 1320 2021 rel

170 2055 308 2108 historicis
327 2056 381 2125 peti
406 2054 491 2119 solet3
508 2072 570 2107 nam
589 2064 683 2125 poetas
702 2054 781 2105 metri
799 2054 944 2106 necessitas
958 2067 1079 2124 excusat,
1098 2056 1151 2108 nisi
1172 2056 1322 2129 siquando

171 2142 254 2197 nichil
271 2143 477 2216 impedientein
495 2153 615 2213 utroque
635 2139 824 2194 modulatione
839 2140 950 2213 pedum,
971 2141 1087 2195 alterum
1104 2143 1243 2200 malunt...
1259 2164 1322 2198 curn

170 2249 340 2287 summorum
365 2234 391 2283 in
406 2230 563 2303 eloquentia
580 2230 702 2284 virorum
725 2229 858 2283 indicium
881 2248 932 2302 pro
952 2232 1056 2284 ratione
1079 2232 1122 2302 sit,
1143 2245 1170 2285 et
1190 2233 1230 2286 rel
1247 2251 1324 2287 error

170 2322 346 2375 honestusest
361 2338 474 2390 magnos
486 2319 571 2372 duces
583 2318 770 2390 sequentibus.
787 2319 843 2389 [3]
853 2318 1032 2373 Consuetudo
1043 2338 1107 2373 vero
1119 2322 1268 2375 certissima
1283 2321 1324 2375 lo-

169 2408 272 2481 quendi
288 2411 414 2479 magistra
429 2418 478 2471 est,
494 2407 683 2480 utendumque
696 2406 777 2480 plane
790 2408 962 2462 sermone’...
978 2410 1077 2462 Omnia
1090 2420 1180 2463 tannen
1194 2411 1250 2463 hacc
1262 2413 1322 2465 eri-

169 2512 237 2568 gunt
255 2516 316 2550 acre
337 2497 483 2567 indicium,
503 2496 625 2566 analogia
640 2496 787 2568 praecipue,
805 2514 887 2568 quarn
911 2498 1036 2568 proxime
1055 2501 1264 2571 proportionem
1291 2519 1323 2554 ex

170 2588 267 2640 Graeco
282 2585 476 2639 transferentes
491 2595 664 2641 rocaverunt.
682 2584 730 2658 [4.]
747 2588 813 2639 Eius
831 2585 887 2637 haec
902 2587 940 2638 vis
953 2596 1002 2655 est,
1023 2596 1054 2639 ut
1071 2586 1098 2642 id
1111 2586 1186 2658 quod
1205 2588 1323 2642 dubium

169 2687 220 2746 est,
235 2675 269 2728 ad
282 2674 387 2747 aliquid
409 2674 509 2744 simile,
526 2674 628 2745 dequo
644 2692 699 2727 non
715 2674 858 2745 quaritur,
874 2673 982 2742 celerat,
1001 2685 1031 2728 ut
1043 2676 1146 2730 incerta
1160 2679 1242 2730 certis
1256 2695 1323 2749 pro·

169 2765 223 2817 bet.
236 2763 319 2831 Quod
330 2763 451 2816 eflicitur
462 2762 585 2835 dupplici
599 2764 639 2815 ria
653 2781 658 2814 :
671 2762 876 2836 comparatione
888 2763 1019 2817 similium
1030 2765 1057 2816 in
1068 2766 1196 2818 extremis
1207 2767 1324 2818 maxime

169 2852 270 2906 sillabis
283 2855 407 2924 (propter
422 2851 497 2922 quod
511 2868 581 2922 earn,
595 2869 656 2922 qua
668 2862 732 2904 sunt
746 2869 761 2903 e
775 2851 900 2921 singulis,
911 2852 1152 2922 neganturdebere
1167 2856 1321 2920 rationem),

168 2956 194 2995 et
209 2941 416 2995 diminutione².
432 2941 488 3011 [5.]
503 2940 684 3012 Comparatio
697 2941 725 2993 in
740 2939 900 2994 nominibus
914 2946 961 2994 ant
973 2958 1059 3009 genus
1070 2940 1261 3012 deprehendit,
1276 2953 1323 2995 aut

169 3029 380 3084 declinationem
397 3047 403 3081 :
420 3047 515 3099 genus,
533 3043 562 3081 ιιι
578 3030 599 3082 si
615 3028 836 3100 quaeraturfnnis
848 3027 1029 3081 masculinum
1044 3031 1088 3098 sit,
1100 3048 1134 3081 an
1148 3029 1321 3098 femininum3

169 3117 257 3172 simile
269 3121 304 3170 sit
319 3117 358 3170 illi
370 3119 464 3190 patrias
478 3117 704 3187 declinationem,
720 3131 750 3170 ut
766 3118 788 3170 si
802 3117 889 3170 veniat
903 3117 929 3168 in
946 3116 1062 3169 dubium
1077 3116 1129 3170 bac
1141 3118 1220 3171 dorna
1233 3118 1325 3170 dicen·

169 3209 237 3261 dum
250 3209 293 3276 sit,
311 3225 343 3260 an
359 3207 410 3260 liae
424 3207 510 3271 (Ιοηιο,
527 3219 553 3259 et
569 3207 695 3260 dorrnnnn
709 3216 758 3259 aut
771 3205 924 3272 adornarunt,
938 3204 1039 3257 similia
1054 3206 1109 3256 sint
1120 3205 1222 3271 donans,
1242 3223 1319 3271 airus,

170 3314 275 3350 ananus.
292 3296 348 3367 [6.]
371 3297 524 3349 Dirninntio
541 3313 626 3366 genus
639 3294 722 3348 modo
733 3294 844 3363 detegit,
860 3293 990 3362 ursinum
1003 3292 1186 3346 mascnlinum
1207 3293 1323 3362 essefu-

169 3383 274 3439 airulns
291 3384 421 3438 ostendit.

208 3472 272 3547 [ab]
287 3473 470 3543 Etbimologia
483 3472 590 3526 antem³
606 3514 613 3543 ,
628 3490 689 3544 quae
701 3471 846 3524 verborum
861 3472 994 3541 originem
1010 3472 1135 3542 inquirit,
1157 3489 1172 3524 a
1190 3471 1323 3526 Cicerone

169 3563 241 3617 diota
256 3573 295 3616 est
310 3564 423 3627 nutritio,
448 3563 513 3632 quia
534 3580 633 3615 nomeu
648 3562 707 3615 eius
730 3559 803 3632 apud
823 3559 995 3613 Aristotelem
1023 3561 1161 3614 invenitur
1179 3558 1321 3632 synrboloa,

167 3652 243 3724 quod
258 3666 298 3706 est
313 3662 396 3705 riola:
413 3669 475 3703 nam
491 3652 604 3703 verbum
619 3668 651 3702 ex
667 3649 749 3702 verbo
764 3649 890 3718 ductum,
905 3648 932 3701 id
948 3662 987 3702 est
1006 3648 1191 3721 veriloquium,
1209 3648 1266 3722 ipse
1278 3650 1323 3702 Ci-

167 3759 241 3808 cero,
260 3742 308 3812 qui
323 3740 411 3807 snrrit,
427 3739 601 3792 reformidat:
617 3740 687 3792 Sunt
699 3739 756 3809 qui,
774 3739 826 3790 rim
838 3738 930 3809 potius
940 3738 1044 3807 intuiti,
1060 3737 1268 3807 originationem
1277 3756 1324 3790 vo·

168 3840 240 3882 cent.
259 3829 326 3900 [aq]
341 3831 405 3881 llaec
416 3828 497 3881 babet
511 3826 660 3900 aliquando
669 3844 749 3881 usum
760 3825 952 3892 necessarium,
963 3826 1092 3896 quotiens
1100 3827 1323 3897 interpretatione

169 3936 220 3987 res,
232 3917 266 3971 de
279 3936 332 3989 qna
348 3920 447 3987 agitur,
462 3928 539 3987 eget:
557 3927 586 3969 ut
601 3934 663 3969 cnm
676 3914 711 3969 lll.
725 3913 823 3968 Caclius
837 3932 865 3966 se
880 3931 937 3967 esse
952 3913 1092 3966 bominem
1108 3912 1178 3983 frugi
1192 3912 1248 3967 vult
1259 3931 1323 3985 pro-

171 4009 244 4075 bare,
262 4025 317 4059 non
330 4008 394 4077 quia
410 4006 549 4058 abstinens
561 4006 606 4065 sit,
621 4023 682 4056 narn
698 4003 726 4056 id
747 4023 780 4056 ne
792 4003 901 4055 mentiri
922 4000 1034 4073 quidem
1055 4011 1170 4073 poterat,
1190 4000 1237 4054 sed
1259 4001 1322 4072 quia

170 4095 244 4148 utilis
258 4095 361 4160 multis,
381 4095 407 4147 id
423 4105 462 4146 est
479 4093 646 4163 fructuosus,
670 4092 744 4146 unde
759 4094 792 4145 sit
811 4091 884 4144 dicta
899 4089 1048 4161 frugalitas.
1071 4089 1190 4162 Ideoque
1205 4091 1232 4143 in
1246 4087 1323 4142 diiii·

206 4295 227 4339 1.
248 4291 276 4341 lc
293 4308 324 4342 ne
336 4290 484 4357 m'expliqne
502 4306 545 4357 pas
561 4288 682 4355 pourqnoi
696 4289 726 4338 a.
768 4288 966 4354 pourerpliquer
979 4303 1007 4336 ee
1018 4287 1061 4352 qui
1076 4285 1187 4352 precede.

167 4365 198 4415 de
213 4365 241 4417 ll.
260 4383 274 4417 ιι
296 4366 424 4417 retrancbi
435 4375 547 4416 cesmots
560 4381 566 4416 :
581 4375 606 4413 ut
620 4381 725 4426 numme,
802 4367 827 4413 2.
842 4363 1037 4415 biminntionem
1054 4379 1059 4409 :
1078 4365 1128 4410 Mt.

168 4439 309 4511 reipublice
314 4443 399 4509 [orma
407 4441 503 4506 cst,qni
512 4449 568 4490 sont
577 4439 727 4490 necessaires
802 4443 826 4489 3.
844 4445 930 4488 Autem
945 4436 1025 4504 ajontie
1042 4453 1086 4503 par
1100 4435 1129 4486 Ε.
1146 4437 1177 4486 de
1189 4434 1218 4484 u.
