3248 5340
295 514 345 564 158
622 509 661 564 lll.
688 507 805 563 lituu
833 506 1116 579 Qutttttlaxt

293 659 322 730 si
337 661 459 730 omnia
472 660 661 754 exigerem,
685 657 939 756 suppeditabat
955 672 1073 728 tamen
1094 674 1247 756 tempus.
1265 663 1388 754 longa
1404 675 1459 731 est

293 780 403 868 enim,
430 804 509 876 quae
528 779 633 850 discit
655 794 752 866 aetas,
779 792 815 849 et
836 803 903 874 ego
925 777 1059 850 nonde
1081 775 1193 850 tardis
1223 779 1380 874 ingeniis
1399 780 1455 851 lo·

228 917 265 976 15
293 924 399 995 quur.
418 899 582 995 Denique
602 902 721 970 curin
744 898 801 969 his
820 897 1004 985 omnibus,
1025 923 1106 995 quae
1119 898 1292 970 discenda
1313 903 1454 972 oratori

295 1018 417 1089 luturo
433 1033 536 1116 pute,
550 1020 701 1090 eminuit
717 1019 839 1089 Plato?
856 1020 1010 1114 quinon
1027 1033 1220 1090 contentus
1234 1019 1454 1118 disciplinis,

295 1163 384 1235 quas
403 1153 569 1236 praestare
593 1154 759 1236 poterant
786 1137 942 1224 Albenae,
969 1163 1043 1208 non
1068 1137 1391 1236 Pythagoreorum,
1407 1141 1454 1213 ad
1495 1152 1508 1196 ⁵

295 1283 387 1356 quos
405 1260 441 1330 in
462 1257 600 1329 ltaliam
629 1260 877 1353 navigaverat,
903 1259 1045 1355 AEgypti
1074 1283 1221 1356 quoque
1248 1260 1455 1332 sacerdotes

294 1378 396 1465 adiit,
419 1393 526 1475 atque
548 1403 675 1449 eorum
697 1403 826 1448 arcane
848 1377 1052 1476 perdidicit.

229 1504 268 1561 16
343 1497 573 1569 Difficultntis
611 1499 810 1596 patrocinia
856 1500 1081 1596 preterimus
1122 1499 1290 1594 segnitiae.
1330 1505 1455 1599 Neque

295 1619 391 1689 enim
407 1617 513 1689 nobis
533 1619 653 1716 operis
673 1643 777 1689 amor
792 1633 845 1689 est
860 1645 869 1688 ι
886 1643 967 1706 nec,
988 1618 1071 1714 quia
1100 1620 1145 1688 sit
1164 1618 1315 1690 honesta
1333 1645 1376 1691 ac
1395 1646 1453 1692 re·

296 1763 376 1808 rum
397 1738 638 1836 pulcherrima
655 1739 879 1836 eloquentia,
897 1739 1033 1835 petitur
1046 1740 1134 1837 ipsa,
1150 1739 1212 1810 sed
1228 1739 1275 1810 ad
1287 1740 1453 1812 venalem
1482 1765 1508 1810 u

230 1871 266 1929 tt
299 1887 402 1934 usum
421 1878 457 1934 et
474 1863 664 1935 sordidum
697 1862 838 1934 lucrum
866 1863 1099 1958 accingimur.
1138 1863 1264 1934 Dicant
1290 1865 1371 1935 sine
1398 1864 1456 1936 his

298 1987 335 2055 in
364 1986 443 2057 loro
473 1988 575 2059 multi
605 2003 640 2058 et
666 1988 875 2084 acquirant,
893 1988 981 2059 dum
1008 1989 1054 2058 sit
1082 1987 1297 2085 locupletior
1324 1988 1456 2087 aliquis

297 2106 449 2178 sordidae
465 2109 591 2179 mercis
606 2109 818 2204 negotiator,
838 2123 873 2178 et
891 2107 971 2205 plus
990 2109 1071 2179 voci
1084 2133 1156 2180 suae
1172 2107 1302 2180 debeat
1318 2135 1451 2208 praeco.

298 2232 347 2298 Ne
368 2226 473 2297 velim
500 2227 647 2324 quidem
662 2228 833 2300 lectorem
849 2226 927 2300 dari
943 2227 1033 2299 mibi
1047 2228 1136 2324 quid
1156 2229 1271 2300 studia
1295 2229 1457 2303 reserant

336 2500 357 2532 1.
369 2480 563 2555 suppeditabat
577 2501 583 2536 :
600 2486 634 2550 Z3
647 2481 834 2554 suppeditabit
848 2500 855 2536 :
870 2482 945 2537 Goth
960 2484 1014 2554 Va,
1027 2502 1106 2553 7727,
1118 2485 1203 2538 Andr.
1220 2483 1309 2556 (male,
1323 2487 1456 2560 aitSpal·

296 2569 384 2640 (ling.)
399 2599 433 2610 -
448 2572 476 2623 8.
491 2569 672 2622 Difficultates
689 2571 841 2641 patrocinia
860 2582 1049 2643 pretereuntes
1065 2574 1204 2644 segnitie:
1222 2592 1302 2643 75²7·
1323 2605 1360 2617 -
1379 2596 1408 2647 9.
1424 2595 1457 2630 an

298 2676 389 2711 rerum
407 2658 592 2731 pulcherrirna
610 2675 616 2711 :
632 2663 654 2711 Α
669 2662 690 2711 Β
708 2662 770 2712 Prat
787 2660 844 2712 PT
858 2662 879 2713 t*
895 2662 926 2732 C,
949 2664 1027 2731 7725,
1044 2680 1124 2731 7727,
1137 2660 1228 2732 Hubu,
1246 2667 1350 2736 Bonn.3
1370 2676 1456 2738 atque

297 2746 482 2820 pulcherrima
506 2766 599 2802 rerum
622 2767 629 2803 :
655 2749 731 2804 codd.
748 2748 812 2802 dett.
830 2757 857 2801 et
871 2749 994 2816 orcadum
1012 2750 1073 2804 edd.
1098 2781 1132 2792 -
1154 2771 1196 2805 ιο.
1217 2753 1339 2806 venalem
1359 2772 1367 2809 ε
1385 2759 1409 2808 Α
1427 2754 1455 2824 b,

296 2834 388 2904 Halm,
402 2839 501 2908 Bonu.3
518 2835 598 2889 vilem
610 2857 617 2893 ;
629 2839 659 2890 Ζ.
673 2868 709 2878 -
726 2856 766 2889 12.
785 2836 934 2908 adquirunt
951 2857 957 2893 :
972 2839 1004 2891 A¹
1017 2837 1117 2907 (virale).
1131 2870 1167 2880 —
1184 2842 1225 2895 13.
1243 2843 1316 2894 vocis
1330 2861 1337 2898 ε
1354 2846 1405 2914 Bg.
1418 2872 1455 2884 -

299 2931 341 2988 14.
355 2943 389 2978 ne
403 2926 482 2978 velun
498 2927 578 2980 :BN
594 2926 656 2994 PC,
670 2927 749 2995 7725,
768 2945 851 2996 77273
867 2945 916 2980 nec
932 2925 1011 2979 velim
1029 2947 1035 2982 :
1050 2931 1072 2981 A
1088 2930 1160 2982 Prat.

332 3161 355 3206 l.
369 3154 556 3224 Suppeditabat.
571 3184 598 3194 -—
610 3177 622 3200 ι
632 3156 651 3207 ll
662 3165 698 3206 est
711 3171 778 3206 assez
787 3155 852 3206 ordi·
892 3156 916 3205 la
928 3157 1021 3206 desidia
1035 3158 1129 3208 natural
1140 3159 1163 3208 el
1175 3157 1286 3211 humbre.
1301 3183 1315 3206 ι
1331 3161 1408 3215 Tne.
1418 3165 1452 3215 de

296 3232 386 3281 uniret
396 3231 531 3293 Quintilien
546 3233 575 3281 de
590 3232 651 3281 lube
666 3248 738 3297 usage
748 3232 778 3281 de
789 3232 852 3281 l’im·
892 3232 979 3293 Quint.
998 3250 1047 3300 por
1064 3231 1089 3282 el
1104 3234 1151 3283 1’···
1166 3232 1198 3284 de
1211 3233 1252 3284 les
1264 3237 1376 3288 arnelas
1384 3241 1451 3307 pies,

295 3308 419 3373 parleitou
428 3309 460 3357 du
471 3309 524 3373 plus
533 3324 581 3372 que
589 3307 675 3374 parlait
683 3308 713 3357 de
723 3307 854 3358 l'indieatil
893 3307 1000 3369 lladrid,
1021 3312 1096 3360 trau.

295 3384 356 3433 dans
373 3384 395 3433 le
413 3385 492 3433 meme
506 3399 562 3431 scus
583 3399 630 3448 que
652 3383 686 3432 les
702 3383 776 3434 Grcct
798 3399 852 3433 em·
927 3386 953 3432 t.
984 3387 1072 3432 Rerum
1108 3383 1288 3454 pulcherrirna.
1320 3416 1357 3428 -
1382 3389 1453 3440 Cette

296 3459 419 3526 ployaient
428 3475 468 3508 ces
478 3460 568 3507 memes
578 3465 655 3523 temps
664 3475 721 3508 avec
735 3459 852 3509 leurcon·
893 3459 1032 3524 expression
1050 3461 1141 3512 semble
1160 3463 1302 3528 empruntee
1324 3465 1340 3514 i
1362 3465 1454 3532 Virgile

293 3534 402 3599 junction
416 3533 556 3599 potentielle
570 3531 610 3584 ἂν.
624 3533 799 3601 Suppeditaba!
816 3542 852 3584 est
893 3536 998 3601 (Ge'org.
1012 3534 1048 3598 ll,
1057 3537 1115 3602 534)
1127 3553 1133 3588 :
1146 3537 1246 3588 Scilicet
1255 3549 1279 3588 et
1288 3557 1370 3589 rerum
1379 3540 1454 3609 secte

296 3609 328 3658 ici
340 3625 402 3674 pour
412 3607 591 3676 suppeditaret.
605 3629 616 3654 ι
628 3607 757 3661 Pornnn.
770 3609 849 3661 -Cl.
893 3608 1332 3678 estpulclrerrimellome.—1lerum
1342 3617 1390 3667 ale
1400 3634 1453 3668 sens

296 3684 342 3734 Ed.
371 3684 485 3746 Bouuell,
512 3684 617 3733 Leriron
647 3684 850 3751 Quintilianum,
893 3686 982 3734 detor
1001 3685 1145 3741 durorussl.
1164 3689 1352 3756 llor.8erm.l,
1372 3696 1399 3757 0,
1415 3698 1451 3744 l:

295 3759 477 3829 Prolegomeno
493 3758 523 3809 de
538 3762 704 3829 grammatica
715 3761 851 3827 Quintilio·
894 3783 906 3805 «ι
921 3760 1062 3813 bulciuima
1075 3781 1171 3827 rerum,
1184 3786 1196 3812 ι
1207 3765 1260 3816 vu.
1271 3767 1385 3831 Flaccus,
1406 3768 1451 3832 tlt,

296 3854 351 3899 rrea,
371 3853 396 3903 p.
416 3836 446 3887 L.
553 3874 556 3882 .
896 3841 947 3888 389
964 3855 969 3886 :
986 3858 999 3883 r
1017 3838 1168 3891 Tristissima
1179 3857 1271 3893 rerum.
1288 3863 1301 3887 ι»

329 3917 354 3964 8.
370 3912 537 3981 Difficultatis
546 3911 697 3981 patrocinio.
710 3939 742 3950 -
758 3933 771 3958 r
785 3913 853 3963 Nous
930 3916 973 3963 ll.
994 3915 1115 3965 Nevelim
1125 3915 1272 3986 quidm-
1283 3917 1453 3985 settepensde

294 4005 398 4041 commea
411 3990 467 4040 bien
479 3990 541 4038 aises
549 3989 579 4038 de
591 3989 651 4038 faire
665 3989 741 4038 valoir
757 3990 791 4039 les
806 3990 852 4039 dil·
892 3990 912 4039 si
926 3988 1099 4042 disintereruie
1117 4002 1142 4043 et
1157 3993 1177 4043 si
1201 3994 1265 4045 belle
1284 3995 1381 4046 demit
1397 3999 1450 4047 &tre

295 4066 399 4128 licultcz,
412 4082 474 4131 pour
488 4065 565 4114 servir
584 4066 615 4115 de
628 4065 738 4131 pretexte
753 4067 767 4114 is
779 4075 851 4116 notre
893 4064 974 4131 plactie
984 4082 1014 4114 en
1023 4070 1072 4117 tete
1082 4070 1112 4118 de
1122 4069 1221 4120 l'oeuvre
1231 4071 1324 4120 euti'ere
1335 4072 1365 4121 de
1375 4074 1455 4135 Quiu-

295 4158 397 4209 paresse.
418 4164 429 4185 n
446 4139 533 4190 L'ubbe'
543 4139 574 4189 de
595 4147 669 4202 Pure,
682 4142 747 4192 trad.
763 4143 793 4190 dc
808 4143 850 4204 Q,
892 4141 971 4191 tilieu.
989 4143 1053 4193 C'est
1070 4145 1093 4193 la
1111 4146 1191 4195 deviae
1211 4147 1331 4197 nuturelle
1345 4149 1376 4198 de
1397 4159 1454 4199 tous

295 4237 318 4285 p,
341 4223 381 4269 Π,
394 4247 426 4255 -
442 4240 453 4262 u
469 4217 555 4266 Discus
567 4217 589 4266 le
599 4216 660 4266 vrai.
677 4217 741 4266 Nous
753 4219 852 4283 grossis·
892 4234 952 4268 ceux
970 4219 1011 4283 qui
1027 4236 1052 4269 se
1068 4231 1157 4271 rouent
1175 4223 1189 4271 i
1214 4222 1417 4288 l’euseignemeut
1429 4234 1454 4275 et

295 4311 350 4344 sons
362 4296 396 4344 les
409 4294 537 4343 dillicultes
548 4310 609 4360 pour
622 4303 853 4360 excusernotrcpa-
893 4310 940 4344 eru
957 4297 1231 4346 travuuxd'erudition.
1257 4326 1286 4335 -
1301 4298 1450 4368 Spaldinga

296 4387 368 4419 resse.
382 4393 393 4414 n
411 4368 500 4417 rieule
510 4368 623 4424 Ge'doi‘u.
639 4399 669 4406 -
681 4391 693 4413 (ι
710 4370 848 4419 Pretextase
893 4372 965 4420 roulu
985 4371 1091 4420 traduire
1107 4371 1222 4421 lectorem
1233 4390 1277 4440 par
1291 4375 1327 4424 les
1344 4376 1454 4426 esclarrs

295 4448 382 4513 petala
393 4446 584 4511 itupussibilidad
594 4447 623 4494 dc
630 4447 709 4509 lograr
718 4446 774 4495 todo
783 4454 844 4507 esto,
893 4445 978 4496 lettres
991 4448 1032 4512 qui
1042 4449 1161 4499 servaieut
1171 4451 1201 4500 dc
1211 4450 1313 4499 lecteurs
1323 4452 1387 4501 daus
1399 4471 1455 4503 cer-
