3248 5340
314 520 408 562 csxrr
789 505 988 560 APPENDIX.

349 657 564 728 l‚.tti.1deoque
586 657 636 709 boe
656 659 775 729 primum
795 658 946 711 iutuemur.
959 702 982 712 „
998 656 1110 728 jurqu'd
1135 660 1160 725 Ι,
1184 658 1241 721 48ι
1264 658 1313 710 His
1334 660 1416 711 etiam
1435 659 1470 712 de

314 749 412 800 causis.

349 837 372 901 1,
387 835 430 888 50.
448 834 478 886 Id
492 853 553 888 cunr
574 836 607 886 sit
619 833 698 888 utile.
710 880 734 891 ,,
750 833 862 907 jusqn'ci
877 836 900 905 Ι,
918 835 949 887 52
967 852 974 885 ι
998 831 1104 886 Verum
1119 835 1250 906 quoniam
1269 854 1322 888 non
1345 846 1393 888 est.

348 925 385 993 ΙΙ,
408 944 433 978 a.
450 927 481 975 In
498 942 550 994 qua
564 924 651 975 sciens
663 934 860 980 transcurram,
873 967 878 978 .
891 969 896 980 ,
911 921 1024 995 jusqu'cl
1039 926 1105 989 ΙΙ,Ι
1123 941 1129 975 :
1145 923 1272 995 Plerique
1288 943 1395 996 semper
1408 944 1471 979 nar-

314 1012 441 1066 randum.

349 1103 385 1172 ΙΙ,
404 1122 444 1156 ro.
459 1100 564 1154 Deinde
578 1101 677 1154 latetur
696 1102 764 1173 ipse.
777 1147 782 1158 .
795 1147 801 1158 .
811 1101 976 1173 jusqu'cill,
996 1119 1024 1154 ir
1047 1120 1053 1153 :
1078 1104 1134 1171 Ego
1152 1113 1243 1155 autem
1267 1121 1378 1174 magnos
1398 1102 1469 1156 alio-

313 1191 372 1260 qui.

349 1281 384 1346 ΙΙ,
404 1280 447 1334 28.
464 1280 515 1331 Sed
532 1298 580 1332 nos
594 1279 672 1332 ducit
686 1278 841 1331 scholarum
855 1279 1077 1336 consuetudo...
1096 1280 1209 1352 jusqu'o’
1232 1284 1270 1349 ΙΙ,
1297 1285 1328 1335 3ι
1354 1299 1360 1332 :
1389 1282 1470 1334 Nune

311 1389 372 1441 quoe
389 1370 423 1422 sit
431 1371 502 1421 ratio
518 1369 658 1422 narrandi.

349 1462 383 1517 11,
397 1467 439 1522 ΙΙ.
458 1459 577 1529 Ideoque
593 1455 751 1512 Graecorum
763 1458 897 1530 aliqui...
908 1458 1021 1531 jusqu'ri
1039 1462 1076 1529 ΙΙ,
1101 1467 1132 1523 di
1153 1478 1160 1512 :
1184 1461 1245 1511 Non
1267 1460 1357 1512 minus
1376 1470 1467 1512 autem

312 1547 439 1602 carenda.

348 1639 385 1706 ΙΙ,
400 1640 445 1690 68.
468 1638 622 1705 Virginem¹
640 1638 781 1710 rapuit...
796 1635 909 1708 jusqo'd
923 1638 962 1705 ΙΙ,
980 1640 1014 1706 69
1029 1639 1151 1690 :Verum
1167 1639 1194 1690 iu
1207 1637 1249 1690 bis
1269 1655 1381 1709 quoque
1398 1656 1469 1690 eon-

313 1725 487 1780 sessionibus.

346 1818 383 1884 ΙΙ,
401 1833 442 1885 7¹·
466 1816 534 1867 Vis¹
549 1829 574 1866 u·
589 1814 677 1867 dicam
700 1817 811 1872 rino...
833 1814 946 1886 jusqu'ri
966 1818 1005 1885 ΙΙ,
1027 1832 1057 1887 7¹
1080 1835 1086 1868 :
1110 1817 1316 1887 Nonnunquam
1339 1817 1468 1889 proposi-

311 1906 395 1959 tione.

347 1996 383 2062 11,
394 1995 436 2046 88.
455 1992 485 2045 Id
502 1994 609 2045 interim
623 1993 656 2045 ad
672 1991 758 2045 solam
771 1991 976 2050 verecundiam.
990 2039 1013 2050 ,,
1030 1993 1144 2066 jusqu'cl
1160 1997 1199 2063 ΙΙ,
1217 1995 1251 2063 89
1266 2012 1272 2046 :
1287 1994 1339 2047 Sed
1355 2004 1467 2047 utrum-

310 2100 428 2152 cumque
438 2082 501 2150 erit,
517 2083 605 2152 prima
618 2086 663 2134 sit.

346 2173 385 2235 ΙΙ,
405 2191 447 2239 pn.
463 2170 585 2223 Seiarnns
600 2184 691 2223 antem
706 2172 726 2222 si
742 2169 776 2222 de
792 2181 935 2226 nostro...
947 2170 1060 2244 jusqu'd
1078 2173 1116 2236 ΙΙ,
1142 2175 1175 2240 93
1201 2190 1207 2223 :
1237 2172 1373 2242 Fingenda
1401 2191 1465 2225 rero

310 2277 523 2312 memmernnus.

346 2351 381 2420 ΙΙ,
396 2368 440 2418 97.
456 2350 550 2401 Evenit
564 2348 712 2419 aliquando
725 2350 754 2401 in
762 2349 942 2408 scholasticis,
955 2392 979 2407 ..
994 2348 1107 2422 jusqu'ci
1117 2354 1155 2422 ΙΙ,
1176 2371 1222 2404 ior
1239 2371 1245 2403 ε
1263 2350 1346 2418 Quod
1361 2352 1382 2403 si
1401 2367 1466 2422 pars

309 2438 498 2509 expositionis

345 2529 381 2596 ΙΙ,
396 2529 453 2580 tad.
464 2526 621 2596 Qualisl³est
635 2526 679 2578 itta
693 2528 730 2580 bl.
741 2526 831 2581 Codii.
843 2570 849 2582 .
861 2574 866 2584 .
879 2527 991 2599 jusqu'd
1001 2530 1042 2598 ΙΙ,
1056 2528 1104 2581 125
1121 2528 1179 2580 :Ne
1192 2528 1261 2582 illud
1274 2529 1384 2600 quidem
1396 2545 1466 2600 prar-

310 2615 408 2670 lerib0.

345 2707 381 2774 ΙΙ,
402 2705 461 2758 128.
477 2706 523 2756 Est
534 2714 560 2756 et
571 2703 694 2775 ‹ltraednrn
708 2704 821 2774 repetita
833 2705 997 2761 namatio...
1011 2705 1123 2777 jusqu’ci
1133 2703 1159 2757 ln
1166 2705 1207 2775 fin
1224 2704 1260 2756 du
1274 2704 1401 2776 clrapitre
1422 2706 1463 2757 II.

344 2795 394 2859 IV,
409 2801 434 2856 4.
450 2794 505 2845 Nee
520 2811 626 2865 semper
644 2804 757 2865 propter
772 2793 824 2846 boc
838 2794 975 2852 solum...
1001 2793 1113 2866 jusqu'd
1130 2795 1214 2862 1125
1237 2812 1243 2848 :
1272 2794 1342 2847 Sunt
1370 2802 1464 2844 autern

308 2881 520 2954 propositiones.

345 2972 393 3022 IV.
406 2973 430 3022 8.
455 2972 501 3023 Est
513 2981 538 3023 et
550 2970 623 3023 nuda
640 2971 844 3044 propositio...
859 2970 971 3043 jusqu'ri
986 2973 1038 3042 IV,
1055 2991 1072 3041 9
1087 2989 1093 3024 :
1107 2970 1195 3025 Habet
1208 2972 1316 3024 interim
1334 2971 1387 3023 rim
1400 2988 1467 3042 pro-

308 3061 463 3133 positionis.

813 3187 899 3237 erns
917 3188 952 3239 V.

343 3347 392 3412 Vl,
405 3351 431 3401 b.
445 3347 497 3399 Sed
513 3348 593 3398 nobis
607 3344 875 3401 adolescentibus...
886 3344 999 3418 jusqu'd
1012 3344 1039 3397 lu
1046 3346 1087 3416 fin
1103 3346 1138 3398 du
1152 3346 1272 3418 cliapilre
1287 3349 1335 3397 1⁷1.

343 3437 391 3500 tx,
410 3437 434 3489 5.
448 3437 506 3487 Hoc
521 3453 605 3503 genus
622 3453 671 3504 per
685 3437 790 3492 omnia.
803 3477 826 3491 ,,
841 3434 954 3506 jusqu'ri
968 3437 1015 3501 rt,
1035 3436 1050 3486 8
1069 3453 1074 3486 :
1091 3434 1150 3487 ntia
1166 3445 1227 3489 sunt
1245 3437 1320 3506 signa
1337 3452 1396 3486 uon
1412 3451 1463 3486 ne·

306 3541 430 3575 cessaria.

342 3613 392 3679 IX,
410 3632 449 3664 ra.
466 3613 568 3664 Eorum
581 3621 671 3664 antem
686 3630 746 3683 qnae
757 3613 834 3682 signa
845 3624 921 3667 sunt.
933 3653 956 3666 ..
970 3613 1083 3685 jusqu'rl
1098 3612 1172 3683 lofin
1187 3614 1223 3666 du
1238 3613 1360 3686 chapitre
1373 3614 1422 3667 IX.

341 3702 377 3772 Χ,
400 3718 423 3754 1.
442 3702 508 3753 Nam
522 3701 696 3772 enthymema
711 3701 785 3773 quod
801 3721 863 3758 nos.
875 3743 899 3759 ..
921 3701 1034 3774 jusqu'd
1048 3705 1080 3770 X,
1100 3720 1127 3755 11
1145 3702 1238 3755 :Cum
1261 3703 1294 3753 sit
1317 3718 1464 3772 argumen-

307 3800 365 3844 tum
379 3793 448 3846 ratio
464 3792 654 3863 probationem
671 3802 812 3864 praestans.

341 3951 362 3996 1.
375 3947 444 3996 Cette
462 3944 614 4010 suppression
629 3953 665 3993 est
680 3944 710 3992 de
738 3944 760 3992 la
773 3952 858 3992 nature

305 4024 335 4072 de
351 4022 423 4071 celles
436 4021 511 4085 qn'on
526 4029 612 4068 troure
627 4021 688 4067 dans
702 4020 734 4067 lrs
751 4019 858 4068 dditions

304 4099 365 4148 dites
383 4099 527 4164 expurgem.
541 4083 645 4144 Etienrre
661 4096 691 4143 de
705 4095 791 4144 Rouen
819 4094 857 4142 n'a

304 4191 345 4240 pas
355 4172 431 4223 nestit
441 4174 454 4220 'a
468 4187 598 4220 conserver
607 4187 634 4218 er.
643 4186 749 4235 passage,
764 4170 805 4234 qui
821 4179 856 4218 est

303 4268 352 4299 une
372 4249 457 4314 simple
472 4247 604 4297 discussion
614 4246 686 4295 d’une
701 4246 811 4310 question
826 4246 856 4294 de

302 4327 376 4375 droit.

337 4405 360 4450 2.
377 4401 455 4449 Mdme
468 4400 633 4466 observation.

947 3947 970 3993 3.
987 3934 1091 3992 Etienne
1112 3943 1143 3991 de
1166 3943 1251 3992 Ronrn
1268 3951 1293 3992 et
1313 3942 1397 3992 Rollin
1420 3951 1465 3992 ont

912 4018 949 4068 itd
960 4019 1086 4067 urinnimes
1096 4019 1303 4085 ponrsupprimer
1315 4028 1378 4068 cette
1394 4017 1465 4067 scisne

912 4094 942 4142 de
962 4094 1097 4154 delumbe,
1111 4102 1135 4143 et
1153 4094 1176 4143 la
1193 4093 1346 4160 procidente.
1364 4085 1464 4142 Erasme

911 4186 924 4218 a
938 4186 981 4220 cru
995 4171 1080 4219 deroir
1102 4171 1124 4218 la
1138 4170 1199 4219 citer
1212 4184 1308 4219 comme
1321 4186 1354 4218 nn
1368 4168 1463 4218 mudule

910 4246 940 4294 de
953 4245 1109 4312 description,
1121 4246 1180 4295 daus
1192 4262 1235 4295 sou
1241 4251 1277 4294 De
1289 4243 1384 4313 duplici
1391 4245 1462 4312 copia

910 4320 1076 4370 verborumne
1095 4339 1184 4383 rerum,
1207 4321 1251 4371 lib.
1274 4321 1320 4370 ll¹¹⁸
1344 4319 1462 4383 lOEurres

909 4397 1040 4463 completas
1057 4390 1191 4459 d'Erasnre,
1213 4397 1278 4460 Bate,
1297 4395 1463 4458 utum-1⁰,

909 4483 927 4522 r.
949 4473 994 4534 rr,
1013 4491 1038 4539 p.
1052 4475 1104 4537 on).
