3248 5340
310 496 342 544 tu
638 488 675 542 tt.
701 488 816 542 t'Atttt
841 486 1120 558 QUlN'slLlANl

261 658 280 712 8
309 657 375 730 tuS,
402 641 496 712 idern
520 639 619 737 quod
642 639 688 710 de
714 638 914 710 nutricibus
944 637 1080 709 dietum
1099 638 1156 708 sit.
1180 642 1234 708 De
1258 635 1464 735 paedagogis

308 762 378 834 hoc
396 760 564 858 amplius,
588 776 627 830 ut
643 774 703 829 aut
717 758 922 829 sinteruditi
943 757 1064 856 plane,
1085 781 1194 854 quam
1215 758 1368 853 primam
1382 783 1459 830 esse

309 906 431 952 curam
448 880 566 969 velim,
590 894 651 949 aut
669 904 706 950 se
730 904 803 949 non
823 902 899 949 esse
919 876 1078 948 eruditos
1097 879 1220 948 sciant.
1245 877 1341 948 Nihil
1360 880 1458 949 enim

309 1002 411 1099 pejus
430 1001 548 1089 estiis,
568 1000 644 1096 qui,
658 997 806 1097 paulum
824 996 959 1094 aliquid
977 998 1067 1067 ultra
1084 996 1363 1094 primas'litteras
1378 1022 1462 1096 pro·

311 1121 431 1217 gressi,
447 1119 572 1189 falsam
591 1117 657 1189 sibi
677 1118 845 1189 scientiae
861 1118 1127 1214 persuasionem
1147 1115 1352 1188 induerunt.
1369 1123 1460 1187 Nam
1507 1133 1523 1174 ἓ»

311 1256 346 1311 et.
360 1240 488 1311 cedere
517 1237 745 1336 praecipiendi
768 1236 930 1334 partibus
956 1236 1199 1332 indignantur,
1218 1252 1253 1308 et
1269 1237 1362 1308 velut
1383 1238 1469 1331 jure

313 1359 469 1457 quodam
496 1360 693 1456 potestatis,
720 1383 793 1454 qua
816 1357 889 1427 sere
913 1357 984 1428 hoc
1012 1357 1202 1428 hominum
1228 1382 1337 1452 genus
1365 1358 1463 1428 intu-

315 1480 451 1570 mescit,
468 1479 648 1575 imperiosi
670 1493 776 1575 atque
795 1479 939 1548 interim
955 1478 1137 1548 saevientes
1153 1476 1337 1549 stultitiam
1357 1501 1458 1548 suam

268 1613 288 1665 tt
315 1600 523 1698 perdocent.
545 1603 616 1670 Nec
638 1599 755 1668 minus
770 1622 872 1668 error
889 1622 1014 1669 eornm
1032 1612 1137 1668 nocet
1152 1596 1311 1668 moribus
1327 1624 1335 1666 :
1353 1597 1463 1693 siqui-

314 1720 399 1792 dem
421 1718 594 1790 Leonides
622 1718 810 1789 Alexandri
829 1716 1054 1814 paedagogus,
1071 1732 1109 1787 ut
1126 1742 1146 1786 a
1162 1715 1359 1814 Babylonio
1375 1719 1465 1787 Dio·
1502 1731 1531 1774 ¹⁰

316 1865 404 1936 gene
423 1839 588 1927 traditur,
617 1837 833 1934 quibusdam
859 1862 941 1906 enm
966 1838 1059 1907 vitiis
1078 1837 1207 1907 imbuit
1228 1863 1307 1934 quae
1335 1837 1466 1908 robus·

318 1976 393 2031 tunr
417 1983 562 2053 quoque
581 1972 616 2027 et
632 1957 708 2052 jam
732 1958 923 2027 niaximum
945 1981 1065 2051 regem
1086 1956 1133 2028 ab
1160 1956 1218 2028 illa
1238 1958 1463 2028 institutione

318 2077 445 2175 puerili
459 2091 541 2147 snut
559 2092 760 2173 persecuta.

252 2210 290 2267 tu
367 2198 401 2266 Si
421 2197 480 2266 cui
500 2196 609 2267 multa
631 2195 754 2266 videor
782 2197 931 2292 exigere,
958 2198 1090 2291 cogitet
1110 2210 1291 2267 oratorem
1315 2197 1464 2285 institui,

318 2340 395 2387 reru
428 2315 590 2404 arduam,
628 2318 733 2387 etiam
762 2318 906 2387 cumei
939 2315 1130 2387 formando
1166 2315 1253 2386 nilril
1281 2315 1462 2404 defuerit,
1504 2336 1534 2380 rs

322 2451 491 2532 praterea
514 2436 616 2532 plura
637 2459 678 2506 ac
701 2434 903 2506 difficiliora
925 2460 1108 2533 superesse
1135 2464 1142 2506 :
1179 2460 1262 2506 nam
1290 2450 1326 2506 et
1347 2435 1467 2507 studio

323 2570 508 2653 perpetue,
544 2570 579 2626 et
612 2556 907 2652 praestantissimis
929 2555 1221 2654 praeceptoribus,
1249 2570 1284 2626 et
1307 2554 1470 2654 plurimis

257 2689 291 2745 tt
321 2674 520 2771 disciplinis
537 2699 629 2772 opus
642 2690 704 2745 est.
720 2680 951 2773 Quapropter
961 2674 1199 2774 praecipienda
1213 2677 1462 2773 suntoptima:

323 2820 401 2891 qua¹
418 2796 540 2891 siquis
557 2794 773 2888 gravabitur,
795 2821 868 2866 non
895 2796 1024 2866 rationi
1045 2795 1211 2882 defuerit,
1233 2794 1295 2867 sed
1310 2795 1466 2866 homini.

361 2994 385 3024 a.
398 2971 476 3043 plane
488 2975 540 3041 :lig
550 2973 578 3024 tt
587 2990 601 3024 a
612 2975 648 3034 Z,
664 2972 756 3043 plene:
772 2977 803 3038 A,
819 2971 916 3039 Halm,
927 3003 961 3012 -
976 2975 1091 3043 primam
1107 2989 1113 3023 :
1130 2975 1152 3025 A
1167 2975 1202 3041 Z,
1220 2974 1339 3044 primum
1356 2989 1362 3024 :
1379 2973 1417 3042 ng
1433 2975 1475 3027 nt.

323 3093 357 3102 —
372 3064 398 3115 3.
416 3060 482 3114 niliil
501 3063 573 3114 enim
588 3061 665 3133 pejus
684 3072 746 3116 est:
769 3064 796 3114 M
811 3064 845 3130 Z,
863 3060 929 3113 nihil
946 3072 983 3113 est
1001 3060 1098 3132 pejus:
1116 3065 1138 3114 A
1156 3062 1194 3129 'l'3
1213 3060 1281 3114 nihil
1296 3063 1368 3114 enim
1388 3061 1468 3133 pejus

325 3151 386 3203 liis:
404 3154 433 3220 F,
450 3169 518 3221 77²7
536 3152 598 3220 (iis:
617 3152 708 3221 7727).
728 3181 759 3190 -
775 3153 799 3203 6.
818 3149 964 3222 partibus:
984 3152 1007 3202 A
1026 3152 1064 3218 ttg
1079 3151 1099 3200 F
1116 3151 1140 3201 'l'
1156 3152 1184 3202 tt
1200 3150 1287 3220 Alm.,
1318 3170 1384 3221 77²7
1401 3171 1409 3220 3
1425 3170 1475 3223 pe-

325 3241 383 3293 ritis
400 3259 406 3295 ε
422 3241 444 3292 C
459 3239 541 3301 Vall.,
558 3241 625 3310 7725
641 3248 667 3292 et
682 3239 772 3293 ruultce
788 3238 847 3291 edd.
865 3269 899 3279 -
916 3258 938 3307 7.
958 3256 1012 3309 qua
1031 3259 1036 3293 :
1053 3240 1091 3308 Bg
1105 3240 1126 3291 C
1153 3240 1180 3290 tt
1196 3238 1269 3291 Goth
1289 3239 1372 3311 Vati,
1388 3242 1472 3310 7723:

324 3346 381 3399 quo
404 3346 409 3379 :
431 3330 488 3381 AT
504 3331 538 3398 L,
561 3336 640 3397 77²4,
662 3349 740 3399 77²7·
756 3359 791 3367 —
811 3330 852 3381 13,
874 3339 1030 3399 persecuta:
1048 3329 1070 3379 A
1091 3329 1128 3396 ng
1141 3328 1161 3378 F
1178 3328 1202 3378 T
1217 3328 1239 3380 C
1252 3328 1280 3379 Μ
1294 3326 1378 3395 vatt,
1394 3348 1475 3399 7737Ὶ

327 3419 410 3486 7723,
425 3427 568 3485 prosecuta
585 3435 590 3466 :
605 3415 654 3469 ulii
665 3417 740 3469 codd.
758 3425 781 3467 et
797 3414 872 3470 rnnlt.
887 3414 945 3469 edd,
963 3447 996 3455 —
1015 3435 1054 3485 ¹7·
1071 3416 1196 3487 plurimis
1218 3419 1260 3470 :A
1272 3416 1343 3468 solus
1357 3426 1381 3469 et
1397 3415 1454 3469 edd.

327 3501 405 3568 Atre,
428 3501 543 3563 Borurell,
569 3502 666 3559 Halm:
695 3503 990 3574 pluribus·Z.—1‹J.
1009 3503 1126 3557 deluerit
1145 3524 1151 3558 :
1172 3507 1205 3567 713
1227 3503 1363 3557 defuerint
1381 3508 1467 3575 :AF,

329 3588 410 3643 Halm
427 3597 453 3656 [n
465 3591 649 3663 snlrtmpuurto
669 3592 695 3643 iu
718 3591 759 3660 tt.

362 3748 388 3794 6.
410 3771 439 3779 -
457 3740 546 3790 Cedere
562 3741 719 3811 praecipiendi
738 3741 849 3810 partibus
871 3762 879 3791 :
958 3748 996 3794 19.
1006 3744 1209 3812 &suerin—Cu
1222 3744 1475 3811 passageabenucoup

330 3817 876 3884 renoncerauxlouctionsdel'enseignement.
921 3818 1004 3870 exerce
1029 3820 1063 3869 les
1076 3830 1287 3871 commentateurs.
1301 3821 1388 3886 Regius
1401 3820 1438 3871 dit
1464 3836 1471 3869 ε

330 3923 362 3933 -
376 3899 463 3943 Partes
480 3911 494 3942 a
509 3895 572 3944 aussi
596 3895 618 3944 le
631 3910 685 3943 sens
702 3894 733 3942 de
749 3893 838 3961 lesora,
855 3912 881 3943 cr
923 3917 935 3939 a
952 3895 1011 3943 uini
1031 3911 1087 3944 vero
1104 3893 1240 3962 desererine,
1254 3912 1356 3947 numero
1376 3896 1468 3961 plurali

330 3988 375 4040 que
396 3969 446 4018 l'ou
465 3968 544 4018 donne
566 3970 581 4019 ὰ
605 3967 748 4038 appreudre
773 3978 826 4017 tora·
845 3967 881 4019 les
924 3993 934 4014 a
947 3969 1132 4034 essolegeudum
1141 3971 1301 4037 adstipulatur
1311 3971 1435 4036 exemplar
1450 3971 1481 4020 il-

326 4044 721 4112 joarsaure'coliers.Forcelli11i
735 4043 792 4105 cite,
811 4055 881 4095 entre
927 4066 936 4089 ιι
953 4045 1117 4095 ludretustum
1132 4048 1244 4097 :tametsi
1258 4065 1274 4096 n
1289 4047 1369 4098 littera
1378 4046 1480 4112 alicujus

331 4132 420 4171 autres,
438 4130 501 4170 cette
519 4122 660 4187 inscription
684 4122 735 4171 xC.
760 4121 883 4169 Terentius
926 4143 938 4163 «ι
954 4121 1046 4184 judicio
1069 4138 1156 4187 parum
1178 4123 1280 4172 valentis
1294 4120 1429 4172 temeritate
1445 4123 1476 4171 de

333 4202 431 4246 Fructus
445 4195 491 4246 siti
502 4207 525 4245 rt
535 4196 616 4246 Attico
630 4215 677 4247 ser.
694 4199 735 4266 qui
748 4196 809 4245 vixit
823 4213 881 4245 anri.
927 4217 937 4242 a
948 4211 990 4244 suo
1000 4196 1199 4264 serbnexpuncta
1213 4198 1331 4247 rideatur.
1342 4219 1353 4242 n
1365 4197 1471 4247 Bonnell

333 4276 389 4323 XA'.
400 4272 524 4321 litteratus
537 4274 627 4322 Groecis
640 4284 663 4321 et
678 4274 783 4331 Latinis,
810 4270 887 4321 libro-
926 4270 1156 4335 etllalmoutsuiri,
1165 4274 1368 4332 sausdiscussion,
1379 4272 1475 4322 letextc

334 4350 394 4411 rias,
416 4359 500 4413 partes
518 4348 580 4398 dixit
598 4350 670 4399 CCC.
681 4349 810 4415 (inscript.
822 4347 886 4414 apud
927 4348 957 4396 de
975 4346 1174 4399 l'Ambrosianns.
1195 4349 1335 4416 Cepeudant
1356 4346 1474 4415 defuerit,

335 4427 407 4475 Grae.
426 4427 484 4486 625,
499 4428 524 4485 8,
539 4434 562 4474 et
581 4426 644 4491 apud
661 4429 761 4474 Murat.
778 4427 836 4486 980,
852 4426 884 4489 1.)
927 4424 1002 4488 qu'on
1015 4433 1099 4474 trouve
1114 4425 1173 4474 ilaris
1186 4433 1240 4474 tous
1258 4425 1292 4474 les
1309 4434 1389 4474 autres
1401 4423 1476 4481 tiss..
