3248 5340
323 503 383 545 cxc
799 485 999 542 ΛΡΡΕΝΒΙΧ.

323 641 398 712 (nam
413 657 482 710 saepe
501 656 515 691 a
531 637 623 708 liguris
636 656 666 690 ca
686 654 811 709 separare
830 635 943 689 difficile
958 638 1007 704 est)
1025 654 1032 688 ε
1047 654 1081 688 ne
1100 653 1154 706 qua
1175 647 1234 689 tunt
1256 636 1362 690 lubrica
1380 637 1479 692 obser-

325 731 397 783 vatio
416 726 508 798 sallat,
527 727 627 779 acriter
650 745 678 779 se
702 727 728 777 in
753 724 828 779 istud
855 735 936 777 tenne
953 723 1099 777 discrimen
1119 727 1314 795 grammaticus
1341 727 1480 785 intendat.

380 815 428 890 [6.]
443 817 556 869 Interim
574 815 675 867 vicium
695 813 771 886 qnod
793 814 823 867 fit
838 815 865 865 in
881 813 995 883 singulis
1012 812 1100 866 verbis
1115 815 1150 865 sit
1173 813 1392 872 barbarismus...
1409 816 1477 869 Sed¹

326 908 388 977 quis
403 905 504 958 nesciat
519 903 587 957 alios
601 903 787 956 barbarismos
810 902 956 955 scribendo
971 901 1039 970 lieri,
1058 901 1125 955 alios
1146 900 1303 974 loquendo?
1316 906 1379 975 quia
1399 906 1477 976 quod

326 992 395 1047 male
408 994 546 1061 scribitur,
562 991 632 1045 male
645 993 725 1044 etiam
741 991 794 1044 dici
811 1009 918 1044 neeesse
931 1002 979 1044 est.
996 992 1064 1057 Quae
1074 991 1173 1044 viciose
1182 990 1294 1059 dixeris,
1312 1011 1367 1046 non
1380 993 1481 1066 utique

327 1094 354 1137 et
372 1083 475 1153 scripto
491 1092 602 1154 peccam
608 1120 1479 1136 ..............................

363 1170 464 1244 [17.]...
491 1169 554 1223 Plus
576 1171 689 1240 exigunt
707 1169 866 1222 subtilitatis
887 1187 948 1239 quac
971 1167 1099 1221 accidunt
1122 1170 1191 1222 vicia
1212 1171 1239 1222 in
1263 1169 1392 1238 dicende,
1412 1172 1478 1242 quia

326 1259 449 1332 exempla
467 1275 565 1336 eornm
585 1258 654 1310 tradi
673 1260 774 1330 scripta
789 1276 845 1310 non
864 1267 988 1329 possunt,
1006 1257 1058 1310 nisi
1072 1274 1136 1311 eum
1154 1259 1181 1310 in
1200 1276 1292 1313 sersus
1308 1257 1478 1325 inciderunt,

327 1360 357 1402 ut
371 1349 469 1402 divisio
484 1350 622 1420 Errmpar,
635 1357 662 1399 et
678 1348 702 1400 ei
716 1347 886 1399 eontrarium
900 1345 1011 1415 vicium,
1022 1345 1098 1417 quod
1109 1345 1241 1418 sineresrn
1256 1359 1284 1401 et
1297 1346 1478 1422 sinalemphen

328 1438 414 1491 Graeei
438 1446 552 1506 vocam,
577 1454 627 1488 nos
651 1434 870 1506 complexionem
893 1434 1047 1487 dieamus...
1077 1433 1143 1508 [ab]
1167 1437 1298 1489 Praeterea
1324 1454 1386 1509 quae
1410 1438 1480 1491 liunt

326 1525 427 1596 spacio,
442 1525 497 1578 sire
508 1543 571 1579 rum
585 1524 678 1577 sillaba
694 1535 819 1596 correpta
833 1522 990 1589 deducitur,
1010 1537 1040 1576 nt
1055 1541 1061 1576 :
1078 1522 1260 1592 Italiomsato
1268 1525 1417 1598 profugum
1429 1544 1478 1580 seu

325 1613 406 1685 longa
420 1614 569 1685 corripitur
583 1625 613 1666 ut
631 1631 637 1666 :
656 1612 739 1665 Unius
755 1612 787 1665 olr
805 1630 905 1665 norom
919 1612 1047 1680 etsist-ias
1064 1613 1159 1666 Aiacis
1179 1612 1261 1679 Oilei,
1276 1626 1352 1667 extra
1367 1633 1478 1669 carmen

326 1722 381 1757 non
396 1701 595 1774 deprehendas,
614 1720 664 1754 nee
679 1703 705 1753 in
721 1702 842 1753 canitiae
857 1701 926 1753 vicia
943 1700 1058 1753 dicenda
1071 1713 1144 1756 sunt.
1169 1700 1235 1775 [tq-l
1257 1702 1305 1756 llla
1324 1721 1387 1756 sero
1406 1722 1479 1757 non-

327 1794 377 1844 nisi
392 1793 614 1862 aureexiguntur
629 1809 689 1862 quoe
704 1790 773 1843 finnt
788 1807 837 1862 per
851 1808 966 1844 sonos...
980 1788 1045 1862 [aa]
1062 1790 1160 1843 Adhuc
1171 1790 1313 1845 difficilior
1323 1791 1478 1845 observatio

325 1892 366 1935 est
378 1899 427 1954 per
441 1891 550 1934 tenores
563 1882 642 1950 (qnos
656 1879 768 1951 quidem
779 1877 814 1931 ab
827 1879 948 1950 antiquis
957 1877 1046 1932 dictos
1060 1879 1176 1932 tenores²
1190 1882 1323 1953 comperi,
1339 1891 1369 1935 ut
1382 1880 1479 1935 videli-

326 1980 368 2022 cet
382 1968 520 2022 declinato
535 1986 549 2021 a
570 1969 672 2021 Graeeis
687 1969 778 2035 serbo,
797 1969 843 2039 qni
865 1976 944 2020 tonon
960 1967 1067 2039 dieunt)
1083 1968 1123 2021 vel
1138 1979 1277 2039 accentus,
1299 1988 1369 2041 quos
1390 1970 1480 2023 Graeci

323 2057 465 2131 prosodias
492 2066 598 2121 rorant,
621 2074 684 2108 estin
699 2070 778 2109 aetttn
798 2066 824 2108 et
845 2057 944 2127 gravis,
963 2055 1016 2109 alia
1038 2075 1089 2129 pro
1108 2056 1170 2125 alia,
1187 2060 1310 2129 ponitur,
1331 2069 1362 2111 ut
1382 2060 1408 2112 in
1425 2059 1479 2111 hoc

327 2144 467 2210 Camillae,
484 2146 505 2197 si
521 2147 631 2197 aeuitur
649 2146 737 2218 prima
754 2163 760 2197 :
777 2143 844 2217 [ab]
859 2154 906 2198 aut
922 2147 1009 2213 gravis
1028 2165 1078 2216 pro
1094 2147 1172 2216 llexa,
1186 2156 1216 2199 ut
1235 2147 1377 2218 Cethegus,
1391 2156 1420 2200 rt
1435 2146 1480 2200 hic

327 2235 415 2306 prima
431 2244 510 2287 acuta
528 2251 534 2285 :
553 2251 615 2286 nam
630 2235 669 2286 sie
690 2232 779 2286 media
802 2244 924 2287 mutatur
947 2252 953 2286 :
976 2245 1024 2287 aut
1039 2235 1106 2287 llexa
1123 2253 1175 2307 pro
1199 2237 1281 2305 gravi,
1306 2245 1337 2288 ut
1356 2236 1481 2289 eircum-

326 2323 409 2377 ducta
428 2324 563 2394 sequenti,
580 2340 661 2393 quam
676 2340 709 2375 ex
725 2320 833 2375 duabus
859 2321 964 2375 sillabis
983 2324 1009 2375 in
1029 2341 1113 2376 unam
1132 2335 1310 2394 congerentes
1331 2336 1359 2378 et
1378 2323 1482 2379 deinde

327 2413 475 2479 flectentes,
488 2409 655 2482 dupplicitcr
666 2421 791 2483 peccant.
805 2409 871 2484 [ab]
887 2410 940 2464 Sed
951 2411 978 2464 id
992 2413 1090 2484 saepius
1106 2413 1132 2464 in
1146 2413 1248 2466 Graecis
1262 2412 1421 2467 nominibus
1432 2431 1481 2466 ae-

326 2500 392 2554 cidit
408 2519 415 2552 :
431 2510 462 2552 ut
476 2503 584 2565 Atreus,
601 2516 682 2571 quem
694 2499 775 2552 nobis
791 2499 941 2553 doctissimi
955 2518 1032 2554 senes
1042 2510 1120 2554 acuta
1136 2501 1224 2573 prima
1238 2501 1330 2555 dicere
1343 2500 1478 2568 solebant,

328 2600 358 2642 ut
371 2589 521 2641 necessario
536 2587 654 2641 secunda
666 2589 753 2659 gravis
765 2598 848 2656 esset,·
859 2589 924 2641 item
936 2589 1013 2642 Nerei
1031 2589 1186 2661 Thereiqne.
1200 2591 1263 2644 llaee
1276 2590 1311 2644 de
1320 2591 1481 2644 accentibus

328 2677 427 2731 tradita
449 2715 1479 2738 ...................................

364 2765 430 2840 [lb]
450 2768 545 2820 Cetera
565 2767 632 2819 vicia
647 2784 680 2818 ex
698 2764 825 2837 pluribus
840 2765 953 2818 vocibus
968 2767 1059 2820 omnia
1078 2749 1154 2836 snht,
1168 2785 1287 2839 qnorum
1303 2779 1343 2821 est
1358 2766 1481 2821 soloeeis·

327 2873 423 2910 tatus...
439 2855 507 2909 Nam
529 2856 609 2907 etiam
626 2855 674 2926 qui
687 2854 832 2927 complexu
848 2856 979 2908 orationis
993 2855 1117 2908 accidere
1137 2874 1201 2910 eum
1224 2856 1399 2923 confitentur,
1415 2858 1481 2928 quia

329 2955 417 2997 tamen
432 2945 514 2998 unius
529 2944 718 2997 emendatione
733 2942 806 2996 verbi
824 2943 924 3014 corrigi
936 2945 1034 3016 possit,
1051 2944 1079 2996 in
1089 2946 1173 2998 verbo
1186 2963 1244 2999 esse
1256 2947 1368 3015 vicium,
1383 2963 1439 2999 non
1453 2946 1481 2998 in

330 3051 456 3086 sermone
468 3033 639 3086 contendunt
644 3071 1479 3089 .............................

365 3120 464 3195 [5¹.]...
483 3124 532 3176 Est
554 3121 662 3175 αιαεηι8
683 3122 851 3175 sotoeeismns
874 3121 901 3173 in
923 3123 1046 3174 oratione
1063 3121 1315 3194 comprehensionis
1329 3123 1413 3176 unius
1436 3141 1483 3175 se-

330 3213 473 3282 quentium
487 3229 519 3264 ae
538 3212 662 3284 priorum
682 3209 831 3263 verborum*
846 3209 1040 3262 inconveniens
1056 3211 1126 3263 inter
1140 3229 1168 3262 se
1181 3211 1291 3283 positio.
1308 3209 1375 3284 lba]
1396 3211 1483 3278 Quae-

328 3299 390 3352 dam
406 3311 495 3353 tamen
520 3299 616 3353 faciem
637 3299 780 3353 soloeeismi
797 3297 908 3368 habent,
921 3308 947 3350 et
962 3297 1015 3350 dici
1036 3300 1134 3352 riciosa
1150 3317 1205 3352 non
1221 3310 1375 3371 possunt...
1393 3298 1482 3353 Sche-

330 3401 400 3440 mata
415 3390 498 3457 igitur
511 3387 740 3455 nominabuntur,
757 3385 941 3458 frequentiora
966 3387 1039 3459 apud
1056 3398 1159 3458 poetas,
1175 3387 1222 3441 sed
1234 3387 1392 3442 oratoribus
1406 3406 1481 3460 quo-

328 3492 381 3545 que
395 3476 534 3545 permissa.
556 3475 621 3548 [bb]
640 3478 745 3531 Verum
764 3474 872 3528 schema
887 3473 998 3528 habebit
1015 3475 1134 3546 aliquam
1155 3477 1341 3544 rationem3...
1363 3479 1384 3530 si
1401 3477 1482 3531 vero⁶

328 3561 472 3634 abaliquo
491 3581 540 3634 per
560 3561 772 3635 imprudentiam
796 3563 898 3617 lactum
920 3562 1012 3632 luerit,
1038 3563 1182 3618 soloecismi
1202 3566 1272 3618 vicio
1292 3584 1349 3620 non
1364 3565 1483 3620 carebit.

330 3649 430 3722 Μ...
455 3650 529 3704 Hoc⁶
543 3650 576 3703 de
590 3650 753 3706 soloecismo.
768 3653 863 3723 Neque
884 3653 959 3705 enim
978 3662 1064 3706 artem
1085 3654 1290 3724 grammaticam
1312 3672 1484 3728 componere

328 3740 442 3811 aggressi
455 3757 549 3793 snmus
565 3758 571 3793 :
586 3739 633 3793 sed
648 3759 711 3794 carin
727 3741 755 3794 in
778 3740 903 3794 ordinem
917 3742 1079 3813 incurreret,
1095 3742 1288 3797 inhonoratam
1302 3745 1420 3798 transire
1431 3761 1484 3797 no·

366 3977 388 4023 l.
407 3971 473 4023 Ponr
486 3972 608 4038 rejoindre
621 3974 655 4023 les
672 3974 736 4022 deux
753 3973 883 4037 fragments
924 3975 1002 4023 mdme
1012 3975 1092 4025 raison
1110 3991 1157 4040 que
1168 3975 1298 4026 cidenas.

329 4040 885 4114 delaphrase‚Etleunedeltouanasulntitne
960 4052 985 4098 t.
1007 4048 1138 4099 Verborum
1158 4049 1238 4116 ajoute
1255 4067 1299 4118 par
1321 4050 1350 4102 E.
1374 4050 1405 4099 de
1428 4047 1485 4098 lbi

330 4121 374 4172 sed
380 4124 393 4173 i
406 4134 449 4172 ortt
459 4124 501 4189 qni
510 4132 546 4173 est
556 4124 615 4173 dans
629 4124 651 4172 le
664 4132 738 4174 teate.
926 4140 997 4174 cause
1010 4126 1040 4175 de
1050 4126 1072 4175 la
1082 4126 1236 4193 suppression
1245 4126 1288 4175 des
1303 4140 1416 4193 passages
1428 4122 1485 4190 prti-

364 4203 387 4248 2.
400 4200 464 4249 Pom·
474 4216 522 4265 que
535 4200 557 4248 le
571 4215 625 4248 sens
638 4200 684 4248 soit
699 4199 853 4265 intelligible,
869 4202 886 4251 il
930 4199 1037 4250 ebdeuts.

330 4274 435 4324 faudrait
457 4285 563 4337 tonores,
578 4290 672 4325 comme
693 4275 754 4324 dans
774 4283 828 4325 tous
853 4278 887 4328 les
962 4279 985 4325 5.
1008 4277 1180 4327 Veromdme
1195 4276 1364 4327 observatias.

330 4350 386 4399 tiss.
961 4355 985 4402 6.
1006 4357 1058 4402 Hoc
1070 4369 1132 4419 pour
1145 4352 1261 4401 hactenns
1276 4369 1322 4418 qne
1337 4351 1450 4402 donnent
1462 4349 1486 4401 le

365 4429 389 4475 3.
408 4432 494 4475 Areten
521 4428 642 4494 temptare
666 4427 750 4492 etiam,
778 4444 840 4494 pour
862 4428 885 4479 la
926 4427 1085 4479 ustttset
1098 4429 1131 4478 les
1143 4438 1232 4479 autres.
