3248 5340
669 490 869 547 sseectuttt.
1253 508 1347 550 exus

192 657 306 712 corpus,
324 657 374 692 nec.
387 640 444 693 dies
463 642 519 712 ipse
531 640 664 711 sulliciat3
693 652 731 713 et,
746 642 767 693 si
786 643 901 695 irraxime
914 644 1034 715 patiatur
1049 644 1102 697 boc
1117 655 1181 697 setas
1196 646 1346 713 robustior,

191 727 311 801 pueriles
330 747 417 782 anuos
431 732 538 783 onerari
560 748 615 784 nou
638 741 774 803 oporteat.
791 730 841 802 [s]
856 731 907 785 Sed
923 750 978 785 uon
994 734 1058 786 satis
1073 734 1244 806 perspiciunt
1257 752 1347 805 quan-

192 828 251 870 tum
267 829 364 871 natura
381 817 492 872 bannui
509 820 609 889 ingenii
621 819 717 887 valeat,
734 838 796 892 quse
809 820 845 873 ita
860 831 900 874 est
912 820 989 891 agilis
1000 833 1029 876 et
1040 820 1128 891 velox,
1141 824 1179 875 sic
1195 823 1223 875 in
1238 840 1346 876 omnem

192 916 310 980 partem,
326 918 357 960 ut
372 909 408 960 ita
428 908 557 979 clicerius,
573 919 687 980 spectat,
705 920 734 962 ut
749 928 784 962 nc
803 911 890 980 possit
904 910 1017 981 quidem
1032 910 1136 982 aliquid
1150 928 1228 982 agere
1240 921 1347 965 tantum

191 1014 278 1049 tmrun
296 1015 302 1049 :
318 998 345 1049 iu
362 997 439 1070 plura
453 1015 525 1063 sero,
545 1015 600 1049 non
613 996 709 1050 eodem
724 997 769 1050 die
783 998 878 1067 modo,
892 999 939 1051 sed
950 999 1047 1052 eodem
1060 1001 1192 1072 temporis
1208 1011 1349 1053 momento

191 1086 244 1138 rius
267 1103 344 1138 stram
363 1085 533 1159 impendat...
554 1086 604 1155 [4.]
622 1085 713 1153 Quid:
730 1105 780 1140 nos
794 1086 889 1158 agendi
903 1089 992 1142 subita
1007 1089 1346 1163 necessitatcdeprebensi,

191 1193 284 1228 nonne
305 1174 358 1227 alia
372 1174 500 1247 dicimus,
516 1174 568 1228 alia
585 1176 772 1248 providemus,
788 1195 850 1231 cuns
870 1177 972 1249 pariter
996 1178 1117 1230 inventio
1132 1196 1233 1247 rerum,
1250 1176 1348 1232 electro

191 1265 347 1330 verborum,
368 1264 542 1336 compositio,
565 1275 664 1334 gestus,
685 1266 889 1337 pronunciatio,
906 1265 997 1319 vultus
1016 1278 1160 1338 motusque
1188 1267 1347 1321 desideren-

192 1360 254 1406 tur?
267 1355 345 1421 Qum,
363 1354 384 1405 si
397 1353 471 1406 velut
486 1355 537 1406 sub
552 1371 609 1407 uno
626 1364 727 1408 conatu
741 1364 795 1407 tam
811 1354 915 1407 diversa
930 1367 1027 1427 parent
1040 1354 1132 1424 simul,
1147 1373 1197 1409 cur
1215 1376 1269 1410 mm
1285 1355 1346 1429 plu·

192 1442 269 1495 ribus
282 1443 354 1495 curis
376 1442 456 1495 boras
469 1443 629 1515 partiemur,
645 1461 709 1496 cum
725 1444 874 1516 pru-sertim
896 1444 998 1498 reficiat
1013 1446 1163 1498 animosae
1179 1456 1283 1518 reparet
1299 1464 1346 1498 ra·

191 1532 273 1584 rietes
294 1533 364 1602 ipsa,
387 1541 537 1604 contraque
559 1534 593 1584 sit
609 1531 752 1603 aliquanto
766 1529 908 1585 difficilius
927 1534 955 1585 in
980 1532 1072 1586 labore
1092 1551 1148 1587 uuo
1160 1540 1347 1607 perseverare?

193 1620 259 1673 ldeo
269 1634 295 1672 et
312 1619 400 1693 stylus
415 1620 532 1673 lectione
548 1620 705 1692 requiescit,
719 1632 744 1674 et
757 1622 841 1694 ipsius
851 1620 976 1674 lectionis
989 1621 1099 1675 trullum
1114 1622 1218 1675 vicibus
1231 1622 1344 1677 levatur.

188 1712 239 1779 [5.]
259 1709 419 1777 Quamlibet
434 1709 518 1763 nttdta
532 1710 678 1780 egerimus,
693 1709 813 1781 quodam
830 1720 920 1764 tamen
934 1710 1017 1763 modo
1032 1721 1152 1764 recentes
1164 1730 1258 1765 sumus
1270 1711 1303 1765 ad
1317 1711 1344 1765 id

189 1798 265 1872 quod
279 1799 436 1872 incipimus.
452 1800 522 1866 Quis
535 1817 591 1852 non
607 1799 726 1852 obtundi
742 1801 838 1872 possit,
854 1800 875 1852 si
890 1817 939 1872 per
950 1810 1039 1853 totum
1057 1800 1128 1853 diem
1146 1801 1345 1873 cuiuscumque

189 1889 256 1941 artis
271 1905 358 1941 unum
374 1889 532 1957 magistrum
548 1886 633 1941 ferat?
652 1889 806 1942 Mutationc
820 1887 998 1959 recreabitur,
1015 1890 1085 1941 sieut
1099 1889 1128 1942 in
1141 1889 1211 1942 cibis
1224 1908 1343 1962 quorum

189 1976 348 2030 diversitate
363 1977 485 2030 reficitur
500 1989 650 2043 stomacus,
667 1989 693 2030 et
707 1976 835 2049 pluribus
862 1978 967 2030 nrinorc
980 1976 1089 2032 fastidio
1100 1977 1215 2034 alitur...
1239 1980 1288 2050 [8.]
1306 1977 1345 2031 ΙΙ-

190 2065 236 2120 lud
250 2065 363 2138 quidem
384 2067 497 2119 minime
514 2067 662 2121 serendum
683 2077 771 2120 estne
793 2065 913 2119 laborem
930 2067 1086 2121 studiorum
1101 2068 1181 2140 pueri
1202 2067 1344 2122 difficilius

189 2154 321 2223 tolerent5
343 2157 524 2228 nequeenim
545 2156 600 2209 ulla
623 2166 688 2209 actas
708 2157 800 2209 snimrs
828 2156 965 2226 fatigatur.
988 2157 1089 2211 llirum
1104 2157 1141 2210 sit
1152 2156 1282 2227 forsitan,
1296 2158 1343 2210 sed

188 2244 382 2317 experimentis
399 2244 596 2317 deprehendas.
608 2247 658 2315 [9.]
677 2247 744 2298 Nam
763 2257 788 2298 ct
808 2244 942 2299 dociliora
958 2255 1022 2299 sunt
1042 2246 1163 2316 ingenia,
1182 2247 1343 2319 prinsquam

188 2333 390 2387 oluluruerunt.
421 2334 452 2387 ld
475 2334 516 2387 vel
539 2345 702 2405 argumento
725 2344 809 2406 patet,
825 2334 900 2406 qnod
916 2335 986 2388 iutra
1004 2334 1145 2388 biennium
1157 2353 1240 2406 quam
1263 2334 1343 2388 rerlm

187 2433 259 2475 recte
280 2422 400 2475 formare
420 2433 581 2495 potueruut,
602 2425 725 2496 qumnris
738 2422 815 2476 nullo
830 2424 958 2490 instante,
978 2422 1341 2495 omniafereloquuntur...

186 2514 287 2584 [so.]...
302 2512 452 2565 Patientior
465 2522 502 2565 cst
518 2513 592 2565 euim
606 2511 708 2566 laboris
723 2522 819 2565 rmtura
833 2513 925 2585 pueris
940 2530 1022 2584 quarn
1037 2513 1213 2567 iuvenibus...
1237 2514 1340 2584 [sr.]...

186 2600 268 2655 Abest
283 2600 335 2654 illis
345 2600 435 2654 adbuc
446 2602 527 2654 etiam
542 2600 643 2654 laboris
655 2601 895 2655 imlieium.Porro
910 2612 940 2655 ut
953 2601 1222 2675 frequenterespcrti
1236 2620 1339 2673 sumus,

186 2692 277 2743 suiuus
288 2688 372 2743 allicit
384 2689 489 2743 animos
501 2689 621 2761 fatigatio
635 2709 717 2763 quam
731 2691 869 2762 cogitatio.
882 2693 950 2760 [ra]
964 2692 1129 2744 tristiorem
1142 2692 1268 2744 utntibus
1281 2710 1342 2745 oru-

186 2780 227 2832 nis
249 2780 277 2831 in
297 2776 435 2832 audiendo
455 2778 594 2851 proiectus
611 2791 686 2834 cst...
710 2782 735 2849 [r
747 2783 812 2848 Η...
836 2780 884 2832 Aa
899 2780 1052 2833 ‹liseeudum
1072 2798 1130 2834 eero
1143 2780 1342 2854 suppeditabit²

186 2880 309 2941 tempus,
326 2866 405 2938 longa
418 2879 457 2921 est
472 2870 544 2922 enim
564 2887 625 2941 (plue
640 2868 720 2922 discit
735 2880 809 2937 setas,
832 2880 856 2921 et
880 2888 929 2939 ego
944 2888 1000 2922 urm
1015 2868 1049 2922 de
1068 2869 1152 2921 tardis
1167 2870 1282 2940 ingeniis
1298 2870 1342 2923 lo-

186 2975 266 3029 quor.
282 2958 350 3029 [rs]
367 2958 491 3029 Denique
503 2976 553 3011 cnr
573 2959 600 3010 in
623 2960 665 3010 bis
677 2957 806 3011 (steresibus
827 2976 887 3030 qua·
900 2957 1030 3010 discenda
1045 2957 1147 3009 oratori
1161 2954 1256 3009 sutoro
1277 2966 1341 3009 suut

186 3048 301 3101 eminuit
318 3047 411 3101 Plato?
426 3048 492 3115 Qui,
508 3066 562 3101 rtort
576 3054 721 3103 contcnlus
734 3047 887 3120 disciplinis
899 3065 967 3120 quas
978 3056 1105 3119 prostare
1118 3055 1243 3118 poterant
1256 3044 1341 3098 athe-

187 3152 239 3203 uu,
255 3153 311 3189 uon
336 3135 579 3207 Pythagoreorum,
603 3135 637 3188 ad
655 3154 724 3208 quos
742 3137 769 3189 in
788 3135 895 3189 ltaliam
911 3136 1090 3205 navigaverat,
1108 3134 1213 3204 ,egypti
1228 3150 1341 3205 quoqne

186 3223 340 3277 sacerdotes
355 3224 433 3293 adiit,
448 3236 529 3296 atque
544 3244 640 3278 eortrm
655 3243 752 3278 arrasia
768 3224 925 3298 perdidicit.

223 3314 292 3385 [td]
304 3312 481 3368 llillieultalis
492 3316 642 3386 patrocinia
657 3315 834 3387 prseteriums
847 3314 976 3385 segnitia.
991 3314 1085 3383 Neque
1100 3312 1173 3365 euim
1184 3312 1264 3364 nobis
1276 3330 1341 3382 ope-

189 3402 226 3455 ris
242 3420 322 3456 arnor
338 3414 395 3472 est,
412 3422 472 3472 nec,
491 3405 556 3474 quia
569 3405 602 3457 sit
620 3402 732 3457 honesta
750 3423 782 3456 ae
802 3421 892 3457 rertun
911 3401 1275 3476 pulcherrimaeloquentia,
1290 3419 1340 3472 pe-

184 3492 254 3547 titur
271 3493 338 3565 ipsa,
355 3492 402 3545 sed
413 3492 448 3545 ad
461 3492 539 3545 silem
555 3510 634 3545 usum
647 3504 674 3546 et
688 3492 830 3546 sordidum
850 3492 958 3546 lucrmn
976 3491 1160 3561 accingimur,
1173 3492 1273 3563 [15.]...
1291 3510 1340 3543 nee

187 3580 268 3635 velim
289 3580 401 3653 quidem
421 3579 549 3634 lectorem
574 3581 632 3634 dari
658 3582 759 3641 ruiclri.
775 3581 843 3655 quid
862 3581 952 3635 studia
965 3580 1084 3634 reserant
1102 3591 1336 3653 computaturum.

184 3670 252 3741 [ab]
264 3670 319 3737 Qui
332 3688 396 3723 sero
412 3670 497 3742 ipsam
511 3672 655 3741 imaginem
668 3672 833 3744 eloquentia·
841 3671 933 3724 diviua
944 3671 1060 3742 qtradarn
1072 3685 1162 3725 mente
1172 3671 1339 3742 eurweperit,

182 3757 287 3832 quique
296 3758 371 3813 illam
379 3760 451 3813 utait
461 3778 516 3811 nou
526 3759 654 3829 ignobilis
664 3762 790 3830 tragicus,
802 3761 921 3829 reginam
930 3777 1021 3812 rerum
1032 3760 1183 3811 orationem
1195 3760 1246 3810 sibi
1258 3770 1340 3831 ponet

184 3857 249 3901 ante
262 3846 369 3917 oculos,
392 3846 569 3921 fructumque
584 3867 639 3902 nou
656 3868 690 3903 es
704 3850 774 3921 stipe
788 3848 1008 3918 advocatioumu,
1028 3847 1072 3899 sed
1088 3866 1121 3900 cx
1139 3848 1231 3899 arrrimo
1245 3864 1295 3900 suo
1312 3856 1337 3898 et

186 3934 421 4009 contemplatione
431 3954 463 3989 ae
477 3938 589 3990 scicntia
603 3948 677 4010 petet
690 3949 854 4011 perpetuum
868 3956 917 3989 uec
937 3935 1014 3989 illum
1032 3935 1149 3988 lortnna-
1168 3933 1338 4006 subiectum,

187 4020 268 4079 lsoile
281 4024 459 4099 persuadebit
473 4025 524 4079 sibi
539 4037 569 4079 ut
582 4036 704 4099 tempora
719 4046 780 4099 qun
794 4025 965 4100 spectaculis,
985 4043 1093 4096 (arripe),
1109 4024 1226 4095 tesseris,
1240 4024 1340 4075 ociosis

185 4110 307 4189 donique
316 4115 499 4182 sermonibus,
516 4134 551 4169 ue
561 4115 649 4170 dicam
662 4134 760 4169 sonmo
771 4126 798 4168 ct
810 4116 997 4168 conviviorum
1012 4133 1086 4167 irrora
1099 4123 1256 4181 conterunt,
1272 4131 1333 4183 geo-

188 4210 284 4257 netrn
305 4203 400 4277 potius
421 4221 454 4257 sc
473 4205 578 4259 musico
598 4204 755 4278 impendat,
778 4216 883 4278 quanto
907 4203 969 4278 plus
987 4202 1176 4256 delectationis
1194 4201 1339 4254 habiturus

222 4382 247 4435 l·
259 4376 349 4435 luten
359 4380 442 4451 ajout&
455 4397 519 4451 pour
535 4382 559 4435 le
579 4399 634 4435 reos
649 4400 694 4452 prr
705 4384 736 4434 ll·
821 4386 846 4435 2.
860 4382 949 4450 tegere
958 4381 1126 4433 modificatiou
1135 4380 1195 4432 daus
1207 4381 1231 4431 le
1239 4380 1337 4442 testei

184 4450 261 4511 Η.
788 4475 859 4509 cause
876 4458 941 4509 dela
953 4473 1069 4525 conpore

112 4742 345 5034 b
