3248 5340
301 530 350 579 118
629 523 668 577 bl.
692 522 809 578 FABll
834 520 1113 594 QUINTlLlANl

295 675 421 746 litteris
438 689 596 761 notatur,
616 700 634 742 c
655 674 794 744 tertiam
814 671 983 744 ostendit.
1000 670 1109 743 Multa
1130 686 1213 741 sunt
1226 664 1370 767 generis
1392 669 1469 741 hu-

291 796 349 890 jus
373 823 381 866 :
409 794 471 865 sed
486 792 561 864 brec
581 818 728 890 quoque
743 817 870 864 vereor
889 818 934 863 ne
953 790 1102 863 modum
1118 806 1191 862 tam
1210 815 1330 889 parvae
1344 816 1469 889 quaes-

295 916 401 985 tionis
415 914 640 985 excesserint.

229 1042 269 1102 30
345 1033 525 1104 iudicium
541 1047 662 1104 autem
683 1058 788 1105 suurn
804 1033 1054 1128 grammaticus
1075 1033 1281 1131 interponat
1301 1031 1361 1103 bis
1380 1057 1468 1103 om·

297 1153 403 1226 nibus
430 1182 437 1223 :
459 1178 543 1225 nam
563 1153 635 1225 boc
655 1152 774 1224 valere
791 1152 988 1252 plurimum
1012 1151 1133 1223 debet.
1155 1157 1241 1248 Ego,
1268 1154 1338 1223 nisi
1355 1153 1468 1248 quod

295 1273 520 1346 consuetudo
547 1273 757 1362 obtinuerit,
785 1274 836 1344 sic
868 1271 1101 1344 scribendum
1127 1270 1287 1370 quidque
1313 1271 1463 1367 judico,

229 1411 264 1469 31
295 1394 482 1492 quomodo
506 1407 625 1466 sonat.
654 1395 718 1464 Hic
741 1395 838 1464 enim
862 1409 914 1464 est
933 1418 1016 1463 usus
1035 1391 1248 1481 litterarum,
1269 1408 1310 1464 nt
1333 1408 1464 1464 eusto-

296 1514 396 1586 diant
424 1537 531 1584 voees
552 1529 588 1584 et
608 1513 704 1584 velut
727 1512 932 1611 depositum
954 1511 1108 1583 reddant
1136 1511 1361 1609 legentibns3
1393 1513 1465 1584 ita·

229 1649 269 1710 32
296 1659 366 1730 que
384 1632 420 1705 id
447 1633 649 1731 exprimere
672 1632 820 1721 debent,
841 1632 942 1730 quod
962 1631 1094 1704 dicturi
1119 1657 1259 1703 sumus.
1286 1636 1350 1703 Hae
1389 1633 1467 1704 lere

296 1768 380 1825 sunt
399 1752 588 1824 emendate
608 1752 782 1850 loquendi
802 1752 1055 1850 scribendique
1075 1766 1192 1851 partes
1216 1781 1224 1823 :
1252 1752 1346 1823 duas
1375 1752 1466 1825 reli·

296 1899 401 1971 quas,
423 1874 663 1968 significanter
677 1888 875 1970 ornateque
891 1872 1048 1961 dicendi,
1068 1897 1141 1944 non
1156 1872 1327 1970 equidem
1342 1899 1467 1970 gram·

299 1996 436 2064 niaticis
456 1994 599 2082 aufero;
622 1993 699 2082 sed,
726 2018 810 2065 eum
834 1993 919 2064 mibi
943 1991 1064 2064 ollrcia
1083 1993 1236 2064 rhetoris
1258 1995 1462 2091 supersint,

299 2114 426 2208 majori
455 2116 555 2212 operi
575 2139 731 2186 reservo.

231 2247 270 2307 33
347 2233 452 2305 Redit
467 2249 588 2305 autem
610 2233 670 2305 illa
690 2235 873 2328 cogitatio,
891 2232 1068 2330 quosdam
1084 2233 1175 2323 fore,
1188 2233 1249 2329 qui
1272 2233 1369 2324 baec,
1381 2260 1466 2333 quae

299 2352 465 2442 diximus,
501 2377 610 2451 parva
646 2354 797 2424 nimium
821 2370 857 2424 et
880 2352 1137 2451 impedimenta
1168 2378 1316 2450 quoque
1341 2356 1464 2453 majus
1495 2374 1521 2419 ¹⁵

299 2475 435 2572 aliquid
451 2475 579 2571 agendi
604 2491 732 2574 putent
745 2502 753 2547 :
764 2501 832 2548 nec
848 2477 923 2575 ipse
938 2476 984 2548 ad
997 2493 1193 2549 extremam
1209 2502 1322 2575 usque
1338 2481 1465 2551 anxie·

301 2611 410 2666 tatem
441 2611 476 2667 et
503 2597 642 2694 ineptas
669 2595 912 2669 cavillationes
934 2597 1229 2670 descendendum
1264 2613 1380 2696 atque
1406 2600 1467 2671 bis

233 2727 273 2786 31
302 2717 443 2811 ingenia
457 2716 599 2789 concidi
619 2732 655 2788 et
668 2718 867 2789 comminui
881 2717 1003 2790 eredo.
1022 2717 1092 2789 Sed
1111 2717 1199 2791 nibil
1224 2744 1265 2811 ex
1286 2743 1467 2815 gramma·

302 2837 372 2907 tica
392 2838 568 2924 nocnerit,
593 2838 657 2908 nisi
684 2836 785 2935 quod
799 2862 1060 2936 superuacuum
1080 2854 1145 2910 est.
1165 2843 1217 2909 An
1233 2837 1318 2910 ideo
1340 2842 1469 2912 minor

302 2972 353 3028 est
377 2960 424 3027 tt.
446 2956 580 3028 Tullius
603 2972 740 3045 orator,
763 2956 863 3055 quod
885 2957 982 3029 idern
1000 2959 1085 3030 artis
1108 2958 1214 3055 lmjns
1232 2958 1467 3055 diligentissi·
1498 2994 1526 3039 ao

305 3103 383 3148 mus
399 3077 477 3166 luit,
495 3093 530 3149 et
545 3080 582 3149 in
598 3076 685 3166 filio,
704 3093 742 3148 nt
754 3078 916 3176 epistulis
928 3093 1091 3177 apparet,
1104 3094 1201 3151 recte
1217 3078 1398 3176 loquendi
1414 3107 1473 3153 as·

340 3306 364 3357 5.
383 3305 434 3357 nisi
449 3303 516 3376 qnid
534 3321 541 3356 :
557 3303 701 3378 Spalding.
719 3335 751 3345 -
768 3325 795 3374 7.
810 3315 849 3357 est
865 3320 930 3357 usus
944 3323 951 3359 ε
965 3305 989 3355 'l‘
1003 3307 1023 3358 F
1043 3303 1136 3375 Guelf,
1155 3310 1239 3376 7725,
1253 3323 1340 3378 7727,
1355 3313 1468 3384 Camp,

304 3392 423 3458 Mediol,
441 3396 523 3462 lens,
541 3393 621 3463 Bae,
642 3394 716 3463 Oba,
734 3398 828 3463 Bona,
844 3391 935 3462 Halm,
954 3403 1019 3465 ete,
1037 3413 1102 3449 usus
1116 3407 1156 3449 est
1174 3414 1181 3450 ι
1197 3398 1219 3448 E
1233 3395 1265 3462 C,
1279 3399 1374 3465 Stoer,
1389 3399 1470 3470 Rip,

305 3485 465 3554 Capprmn„
479 3485 553 3534 Pott.
565 3490 616 3533 etc.
628 3512 663 3523 -
676 3491 717 3546 η’.
730 3482 800 3535 redit
816 3501 822 3534 ε
838 3482 915 3535 codd.
927 3491 1026 3556 preter
1038 3487 1060 3537 Α
1071 3485 1105 3551 T,
1124 3487 1217 3556 Tarm,
1234 3487 1317 3554 Vera,
1338 3486 1469 3558 mediat,

306 3568 375 3622 sedit
390 3579 434 3621 et:
449 3569 546 3638 saun,
560 3569 633 3634 Oba,
649 3571 722 3624 sedet
737 3587 744 3624 :
758 3576 841 3625 Bomi.
863 3575 951 3628 —1li.
965 3572 1061 3644 agendi
1076 3595 1082 3629 :
1100 3576 1132 3644 E,
1143 3573 1218 3644 Alit,
1233 3574 1362 3646 mediol„
1377 3580 1471 3637 Stoer.

306 3656 413 3731 spalat,
424 3660 509 3728 Pon,
518 3662 677 3732 Cappemn.3
685 3661 829 3730 agentibus
839 3680 845 3713 ε
856 3664 880 3714 Il
889 3663 924 3730 Q,
934 3665 1037 3737 Cmnp.,
1050 3663 1161 3737 Grypln,
1175 3663 1247 3731 obn,
1256 3667 1359 3734 Boram,
1371 3667 1468 3721 Halia.

305 3778 341 3792 -
355 3749 518 3803 anxietatem
536 3766 623 3820 usque
642 3749 677 3818 nd
695 3761 865 3806 extremam:
889 3752 918 3805 P.
934 3781 969 3792 —
982 3771 1026 3807 αι.
1051 3751 1181 3824 loquendi
1200 3771 1408 3826 usquequaque
1431 3775 1473 3810 as-

307 3855 376 3910 per:
391 3837 502 3911 quidam
517 3837 581 3894 dett.
596 3839 672 3896 codd.
691 3847 717 3893 et
734 3838 809 3908 Ata,
825 3840 898 3909 Otr,
911 3844 1071 3914 Coppemn„
1090 3843 1148 3915 Bip.

339 4022 363 4066 ἵ.
381 4022 441 4066 Usus
462 4017 680 4067 litterarum—a
697 4018 794 4070 litterae
807 4029 862 4069 sunt
899 4020 1182 4086 qaipxecede(1‚5,u)
1203 4039 1208 4069 ;
1233 4040 1246 4064 ι
1263 4020 1389 4074 Occurrat
1407 4024 1476 4076 mihi

310 4115 321 4137 a
333 4094 522 4155 indiresrerum,
537 4095 603 4159 signa
616 4095 758 4154 verborum,
774 4095 863 4159 quibus
899 4097 982 4147 forsan
996 4097 1128 4164 aliquis,...
1143 4107 1191 4148 etc.
1207 4119 1218 4141 υ

310 4172 446 4221 «tantoris
460 4182 496 4222 est
511 4182 537 4222 ut
561 4171 708 4223 nobisdicta
725 4172 863 4221 absentium
938 4177 980 4224 21.
999 4179 1028 4222 m
1040 4172 1151 4242 epistulis
1160 4185 1274 4243 apparet.
1290 4201 1325 4212 —
1341 4175 1391 4225 Les
1407 4178 1475 4228 deux

310 4268 322 4292 n
340 4249 391 4297 sine
405 4264 463 4297 voce
482 4245 626 4313 loquantur,
644 4248 723 4298 l'erba
743 4247 809 4296 enim
821 4265 864 4314 per·
905 4250 979 4299 lines
992 4250 1034 4299 des
1047 4249 1142 4300 Lettres
1163 4250 1194 4298 de
1211 4249 1320 4301 Ciceron
1343 4253 1421 4303 ison
1435 4254 1475 4304 lils

310 4345 322 4367 ιι
341 4326 424 4374 oculos
436 4340 485 4373 non
500 4341 622 4390 peraures
637 4324 835 4374 introducuntur.
851 4345 863 4367 υ
906 4334 961 4374 sont
976 4327 1082 4391 perdns;
1105 4326 1138 4376 les
1168 4325 1340 4377 rammniriens
1353 4344 1422 4380 nous
1443 4348 1476 4381 en

310 4398 453 4466 151'd,o„·g,
465 4400 485 4461 1,
496 4404 518 4450 3,
907 4402 949 4441 ont
973 4393 1090 4443 conserui·
1111 4342 1246 4443 seulement
1260 4393 1386 4460 quelques
1411 4397 1478 4463 frag·

347 4478 384 4525 ll.
393 4504 423 4515 -
434 4475 502 4523 Redit
513 4475 645 4543 s'explique
658 4477 707 4527 tris
719 4475 774 4525 bien
785 4492 829 4541 par·
838 4491 865 4524 ee
905 4478 993 4519 ments.
