3248 5340
335 496 371 546 96
668 487 707 542 Μ.
732 486 847 541 tamt
872 485 1157 564 Qttttttttutt

335 640 476 713 casibus
495 639 725 735 numerisque
750 637 971 726 dissentiant,
991 638 1036 709 ita
1065 635 1287 734 respondent
1320 661 1395 707 uon
1422 661 1502 708 esse

336 763 450 859 paria,
468 761 553 857 quia
568 760 666 858 lepus
682 759 873 855 epicoenon
887 758 944 846 sit,
963 759 1067 854 lupus
1081 755 1319 827 masculinum
1343 785 1351 826 :
1377 782 1500 854 quan·

335 905 442 977 quam
483 882 599 950 Varro
643 879 680 949 iu
717 903 760 948 eo
800 876 912 966 libr0,
946 902 1019 973 quo
1055 877 1156 947 initia
1194 902 1353 948 romanae
1395 877 1499 949 urbis

336 1015 490 1089 enarrat,
531 1001 654 1097 qurunr
679 995 861 1092 seminum
895 996 1000 1084 dicit,
1045 997 1199 1068 Ennium
1248 998 1500 1093 Pictoremque

271 1138 307 1196 ta
336 1119 486 1191 Fabium
506 1133 660 1191 secutus.
680 1117 734 1188 llli
752 1132 873 1188 autem
892 1116 1003 1189 iidem
1025 1142 1108 1188 cum
1127 1117 1408 1213 interrogantur,
1430 1142 1500 1189 cur
1543 1149 1558 1192 s

335 1265 421 1337 turer
446 1241 529 1339 apri
553 1254 588 1310 et
610 1254 716 1335 puter
740 1238 855 1336 pratris
885 1236 1009 1323 saciat,
1039 1236 1126 1307 illud
1157 1261 1290 1308 nomen
1319 1238 1497 1334 positum,

335 1360 405 1430 hoc
447 1359 492 1430 ad
542 1357 676 1455 aliquid
709 1382 782 1429 esse
815 1357 1053 1429 contendunt.
1102 1361 1270 1428 Praeterea
1318 1359 1496 1454 quoniam

338 1496 530 1576 utrumque
563 1505 583 1550 a
622 1503 734 1574 graeco
769 1477 919 1548 ductum
952 1478 1017 1567 sit,
1047 1476 1093 1548 ad
1123 1502 1201 1547 earu
1231 1478 1409 1548 rationem
1434 1502 1497 1548 re·

272 1619 308 1677 rs
336 1615 504 1685 currunt,
532 1615 571 1670 ut
599 1605 710 1695 πατρὸς
733 1599 863 1694 paens,
887 1608 999 1694 sirpus
1030 1599 1115 1694 uprr'
1142 1596 1258 1668 saciat.
1283 1596 1343 1667 llla
1369 1611 1496 1668 tamen

336 1718 523 1816 quomodo
568 1718 763 1813 effugient,
816 1732 876 1808 ut,
921 1719 1067 1789 nomina
1106 1718 1270 1813 quamvis
1319 1716 1496 1788 feminina
1528 1730 1558 1776 ¹⁰

331 1838 505 1934 singulari
528 1838 754 1909 nominativo
777 1864 800 1907 u
817 1864 836 1906 s
851 1837 977 1908 litteris
1000 1836 1098 1907 finita
1128 1861 1313 1933 nunquam
1332 1838 1497 1931 genitivo

374 2037 400 2068 s.
414 2016 558 2085 opicoenou
571 2033 577 2069 :
592 2018 614 2067 ,t
629 2018 649 2067 Β
666 2035 673 2085 3
688 2014 823 2086 epicenon
843 2033 849 2067 :
866 2016 897 2084 S,
917 2015 1071 2086 epiclreuou
1086 2031 1091 2066 :
1109 2015 1132 2066 N
1148 2016 1191 2083 tt,
1208 2014 1372 2086 epichenuru
1388 2015 1424 2083 P,
1439 2017 1500 2087 epi-

337 2121 447 2157 ooenurn
467 2120 473 2157 :
489 2105 519 2156 Z.
537 2132 573 2144 -
586 2105 612 2158 3.
631 2121 750 2156 romanae
767 2102 844 2156 urbis
865 2102 978 2172 :cudd.;
1000 2103 1077 2155 urbis
1096 2104 1188 2156 Romae
1210 2121 1216 2154 :
1236 2105 1267 2158 Z.
1284 2133 1319 2142 -
1334 2105 1361 2155 6.
1388 2121 1498 2157 nornen

338 2192 457 2265 positum
472 2190 602 2265 :plerique
613 2191 705 2262 codd,
723 2193 882 2264 impositum
897 2208 904 2246 :
919 2192 943 2243 T
960 2199 987 2243 a*
1001 2210 1036 2260 m,
1053 2190 1132 2261 Bodl,
1150 2194 1259 2264 Currrp.,
1277 2193 1370 2245 Venet.
1382 2211 1388 2262 3
1398 2194 1500 2264 positi-

338 2299 401 2334 vum
419 2297 425 2336 :
444 2279 575 2351 Gnllaeum
591 2299 691 2333 nomen
704 2281 864 2352 simpliciter
876 2281 1017 2353 positum:
1036 2280 1098 2335 Otr.
1114 2289 1139 2333 et
1153 2280 1193 2333 ed.
1210 2299 1261 2334 rec.
1273 2289 1372 2354 praeter
1384 2280 1500 2334 Bonnell

338 2379 362 2422 et
370 2367 467 2439 Halm,
481 2387 580 2422 nornen
592 2386 640 2441 per
648 2388 676 2421 se
684 2369 807 2441 positum
819 2385 825 2421 :
839 2367 900 2422 Keil
907 2371 1016 2442 conjeci.
1034 2401 1066 2409 -
1077 2389 1104 2438 9.
1117 2368 1178 2424 illa:
1195 2373 1228 2438 Z,
1243 2368 1281 2422 illi
1296 2389 1303 2424 :
1318 2370 1336 2421 b
1346 2370 1371 2421 T
1381 2371 1403 2422 C
1419 2369 1496 2440 atur,

338 2476 417 2528 7727,
436 2457 497 2512 Obr.
507 2477 514 2528 3
526 2487 562 2497 -
575 2471 655 2511 ro.ut
668 2459 779 2510 nomina
794 2475 800 2511 ε
814 2457 890 2511 codd.
903 2477 911 2529 ·,
926 2469 957 2512 ut
971 2458 1056 2529 [cum]
1070 2460 1181 2511 nonriua
1197 2477 1203 2513 z
1222 2456 1336 2512 Gallicus
1353 2468 1379 2511 et
1393 2458 1495 2514 Halae.

372 2625 396 2671 2.
417 2625 497 2689 Lupus
510 2620 677 2670 masculinum.
694 2650 723 2659 -
745 2621 787 2671 Cl.
804 2626 892 2671 Festus
935 2624 951 2673 il
963 2640 978 2689 y
994 2624 1160 2691 supposition
1174 2633 1244 2674 entre
1256 2624 1291 2674 les
1309 2640 1379 2673 ooms
1391 2621 1496 2673 adsolus

337 2697 408 2762 (Paul
427 2697 522 2762 liiacre)
545 2714 551 2746 ε
577 2719 589 2741 ιι
612 2702 693 2764 Lupus
712 2696 776 2764 apud
791 2697 893 2762 majores
933 2709 957 2749 et
967 2700 1002 2749 les
1015 2716 1085 2750 noms
1100 2699 1213 2767 relatiss.

340 2793 352 2816 ιι
369 2773 505 2822 communis
519 2781 572 2823 erat
585 2773 688 2838 generis.
711 2794 723 2817 ιι
970 2781 1009 2827 ru.
1019 2780 1050 2824 tu
1063 2778 1191 2826 nomina...
1200 2776 1372 2824 terminantur.
1382 2804 1415 2814 —
1429 2775 1451 2826 ll
1464 2794 1497 2827 ne

371 2849 395 2896 ³.
407 2851 519 2897 Romanae
530 2846 608 2899 urbis.
617 2875 657 2913 ··.
666 2848 780 2899 Claussen
790 2850 890 2914 (Quest.
933 2867 972 2900 me
979 2852 1070 2902 semble
1077 2868 1119 2919 pas
1126 2851 1261 2902 necessaire
1270 2851 1420 2901 d'admettre
1430 2852 1496 2920 l'lry-

337 2923 434 2988 Quint.)
454 2941 557 2992 propose
580 2924 610 2974 de
619 2925 757 2990 supprimer
777 2941 891 2988 romana,
933 2925 1496 2994 pothcsedusarautltollandaisGallilldt't·

336 2999 437 3048 attendo
449 3015 496 3065 qtre
507 2998 565 3049 urbs
577 2999 677 3066 designo
689 3009 742 3049 tout
753 3000 893 3066 particulie·
937 3004 1019 3067 1709),
1030 3014 1055 3051 nt
1065 3003 1138 3069 [cum]
1148 3005 1254 3060 nomina,
1266 3002 1362 3068 reprise
1371 3002 1496 3070 parSpal-

337 3084 430 3124 rement
448 3079 520 3125 Rome
531 3075 592 3127 chez
603 3077 637 3125 les
647 3085 745 3126 auteurs
757 3076 839 3125 latins.
852 3075 889 3126 Cf.
933 3078 990 3144 diug
1008 3086 1033 3128 ot
1046 3095 1090 3145 par
1102 3080 1135 3129 ll.
1150 3079 1219 3129 llalm
1232 3078 1274 3144 qui
1290 3076 1409 3144 adoptent
1424 3081 1495 3129 aussi

337 3149 421 3211 Quint.
436 3151 475 3215 tt,
494 3160 519 3214 3,
541 3155 604 3213 10:33
618 3151 681 3213 vttt,
700 3155 724 3214 2,
742 3155 772 3213 83
788 3151 848 3209 Vlll,
866 3155 890 3212 5,
933 3154 1102 3216 terminentur,
1116 3155 1210 3220 malgre
1222 3153 1346 3203 l'autorite
1360 3154 1403 3204 des
1418 3155 1494 3204 meil-

337 3231 362 3275 9.
377 3255 411 3263 -—
424 3227 557 3293 L'ouvrage
567 3228 598 3278 de
612 3227 706 3278 Varron
722 3228 783 3277 dont
793 3227 809 3276 il
823 3227 892 3291 s’sgit
934 3229 997 3279 leurs
1019 3230 1077 3279 llss.
1093 3258 1127 3270 —
1140 3230 1237 3296 D'apm's
1254 3230 1360 3295 Zumpt,
1376 3232 1495 3298 quamuis

337 3300 514 3369 iciestperdu.
933 3313 1003 3369 porte
1024 3322 1073 3357 non
1093 3322 1136 3356 sur
1149 3306 1281 3373 feminina,
1304 3305 1366 3355 mais
1386 3321 1430 3355 sur
1447 3323 1495 3354 no-

371 3379 394 3425 i.
403 3404 437 3415 -
446 3378 563 3428 Ennium:
579 3399 588 3424 ιι
606 3379 683 3446 Lupu’
695 3379 785 3429 irmina
794 3378 841 3429 leta
853 3395 892 3428 re·
933 3381 1008 3442 minu,
1019 3397 1112 3430 comme
1125 3382 1162 3431 s’il
1172 3398 1187 3448 y
1196 3382 1259 3431 avait
1270 3381 1375 3451 quamvis
1386 3381 1493 3429 nomina

340 3472 351 3493 ιι
367 3461 449 3516 pente.
468 3473 480 3497 a
499 3457 565 3501 Eun.
586 3453 646 3503 dans
665 3454 735 3503 Serv.
751 3455 817 3520 Virg.
834 3454 891 3503 AEu.
933 3454 1084 3522 feminina...
1104 3458 1281 3519 terminantur3
1295 3456 1362 3506 alors
1375 3456 1392 3506 il
1412 3457 1457 3523 u'y
1476 3474 1492 3506 a

338 3525 368 3585 ll,
385 3529 445 3575 3⁸⁰·
934 3547 1028 3581 aucune
1053 3533 1134 3582 raison
1155 3532 1316 3582 d'iutroduire
1339 3548 1393 3580 cum
1413 3532 1441 3581 ni
1461 3533 1494 3582 de

374 3609 397 3656 5.
413 3609 530 3672 Curaper
541 3605 608 3674 apri.
620 3636 650 3643 -
662 3607 700 3657 Cl.
721 3607 845 3659 Charisius
856 3609 890 3675 (p.
936 3617 1023 3657 mettre
1033 3608 1055 3657 le
1061 3608 1196 3674 subjunctil
1202 3608 1371 3657 terminentur.
1384 3635 1416 3646 -
1425 3609 1494 3658 C'est

339 3686 381 3741 83,
392 3683 417 3746 8)
430 3697 436 3730 :
452 3701 464 3724 ι
478 3686 556 3730 Pater
567 3683 648 3750 patris
658 3699 713 3732 cum
731 3682 835 3733 iaciat...
850 3701 893 3733 cur
934 3684 991 3733 bien
1009 3683 1032 3732 le
1043 3699 1097 3734 sens
1113 3684 1144 3733 de
1160 3701 1189 3733 cs
1202 3699 1296 3750 passage
1314 3684 1344 3733 de
1364 3682 1493 3733 Charisius

342 3781 351 3805 ι
371 3757 520 3808 dissimiliter
539 3776 599 3826 uper
617 3760 707 3829 apri...
729 3761 792 3810 solet
804 3761 891 3825 quaeri.
933 3761 967 3824 (p.
986 3762 1027 3820 ll,
1046 3760 1072 3826 a)
1091 3776 1098 3811 ι
1119 3780 1131 3804 ι
1149 3759 1236 3810 Omnia
1252 3759 1360 3815 nomina,
1383 3775 1437 3824 quae
1462 3777 1492 3807 ns

338 3860 352 3884 ι
372 3836 419 3886 Sed
434 3852 509 3901 graeca
530 3836 662 3888 declinatio
681 3836 830 3887 advertenda
845 3845 892 3900 est,
935 3856 947 3878 ιι
966 3833 1116 3885 nominativo
1133 3836 1303 3902 proferuntur,
1319 3850 1372 3899 quae
1387 3834 1489 3900 quidem

339 3937 351 3960 ι
370 3913 412 3963 ubi
430 3912 665 3980 deprehendetur.»
935 3930 948 3954 ιι
967 3911 1098 3960 masculina
1118 3920 1160 3960 aut
1179 3911 1294 3961 feminina
1312 3920 1380 3972 sunt,
1399 3911 1492 3976 geniti·

370 3994 394 4040 li.
405 3990 518 4038 Positum.
533 3988 733 4056 —L’lrypoth'ese
745 3987 891 4051 d'Obreelrt,
935 4006 947 4030 ι
958 4002 1012 4034 turn
1027 3985 1116 4036 iaciunt
1129 3997 1170 4037 aut
1184 4004 1227 4053 per
1240 3987 1299 4035 iaut
1309 4001 1353 4051 per
1368 4002 1427 4035 us...
1442 3986 1492 4035 Ea·

336 4064 481 4133 simpliciter
497 4066 612 4132 positum,
628 4081 711 4131 repose
725 4081 767 4113 sur
777 4080 810 4112 un
823 4074 893 4113 autre
935 4082 947 4104 ιι
967 4061 1091 4127 cipiuutur
1104 4062 1128 4110 iu
1143 4062 1264 4112 femininis
1278 4061 1350 4110 linc:
1411 4061 1490 4110 tellau

338 4157 435 4208 passage
453 4139 483 4189 de
502 4148 573 4189 notre
591 4150 678 4190 auteur
695 4139 749 4204 (ΠΙ,
771 4141 795 4201 5,
817 4143 842 4203 8)
860 4140 892 4188 οὺ
936 4158 948 4181 u
967 4135 1073 4194 telluris,
1094 4142 1175 4186 Venus
1194 4137 1305 4185 i'ettert's.
1328 4158 1340 4180 u
1363 4164 1395 4174 -
1414 4137 1492 4198 Qttitt·

337 4216 442 4285 simplex
455 4225 491 4265 est
505 4214 596 4282 oppose
613 4213 676 4264 aiud
687 4213 786 4284 aliquid
801 4222 825 4263 et
842 4230 892 4263 nou
933 4212 1002 4261 tilieu
1025 4221 1097 4278 ayant
1117 4213 1178 4262 omis
1199 4215 1228 4262 de
1243 4212 1324 4279 parler
1347 4211 1378 4260 de
1401 4211 1489 4270 tellus,

339 4309 380 4342 sur
408 4293 544 4358 impositum
565 4290 647 4341 donne
674 4307 719 4357 par
743 4290 765 4339 le
791 4289 836 4340 tta.
863 4289 893 4339 de
933 4288 1046 4338 anuibe
1075 4289 1168 4337 roulait
1188 4289 1234 4338 lire
1256 4292 1303 4336 err's
1326 4285 1438 4355 syllaba,
1465 4305 1494 4337 ce

338 4367 428 4417 erriclr
437 4371 473 4431 (2¹¹
488 4368 520 4430 m)
535 4377 560 4417 et
572 4368 594 4416 le
603 4367 685 4417 Made
693 4368 715 4416 la
723 4366 893 4431 bibliotheque
932 4364 974 4429 qui
996 4380 1027 4412 ue
1043 4380 1069 4413 se
1085 4363 1246 4430 rapporterait
1267 4363 1322 4428 qu'i
1344 4366 1424 4412 linus
1445 4368 1493 4412 Ve-

337 4443 495 4493 Bodleienne.
510 4443 544 4492 Eu
559 4452 613 4492 tous
626 4459 666 4493 cas
678 4443 761 4493 lesens
771 4452 807 4493 est
820 4441 890 4502 clair,
933 4440 1008 4488 neris.
