3248 5340
655 503 854 557 ,tremunt
1200 522 1333 567 cxxxvu

181 654 292 727 quidam
305 655 417 726 imperia
434 652 625 723 indignantur,
642 652 773 724 quosdam
788 653 909 706 continet
924 665 1027 725 metus;
1040 656 1172 727 quosdam
1189 658 1328 729 debilitat3

108 798 119 817 ⁵,
177 744 245 796 alios
259 743 432 796 continuatio
446 742 583 808 extundit,
598 744 626 794 in
645 742 703 794 aliis
720 741 781 814 plus
794 743 912 813 impetus
925 742 998 799 facit.
1018 744 1066 815 [7.]
1086 745 1170 798 blicbi
1191 747 1236 800 ille
1251 749 1333 803 detur

179 850 257 904 puer,
274 850 357 902 quem
373 832 430 884 laus
445 832 554 899 excitet,
570 849 652 902 quem
670 831 756 900 gloria
776 831 860 899 itu'et,
873 833 920 902 qui
935 833 1022 885 victus
1038 833 1109 888 fleat.
1125 835 1178 888 Hic
1188 837 1240 888 erit
1257 837 1333 890 aleu-

183 921 235 974 ‹lus
249 920 367 988 arrrbim,
383 919 456 972 hunc
469 919 605 972 mordebit
620 919 788 991 obiurgatio,
805 919 879 973 hunc
892 920 981 974 bonor
995 922 1123 975 excitabit
1132 941 1140 992 ;
1156 925 1184 977 in
1200 923 1251 977 hoc
1264 925 1334 980 desi·

179 1008 251 1062 diam
264 1026 405 1080 nunquam
417 1010 539 1062 verebor.

218 1099 267 1170 [8.]
288 1097 383 1151 Danda
402 1109 545 1150 esttamen
562 1096 691 1149 omnibus
709 1096 800 1168 aliqua
820 1098 944 1150 remissio
965 1117 1045 1152 :non
1065 1099 1156 1153 solum
1177 1103 1241 1172 quia
1258 1103 1333 1156 nulla

188 1206 229 1242 res
246 1197 287 1241 est
305 1205 367 1257 quoe
388 1185 509 1257 perferre
528 1187 613 1257 possit
631 1187 794 1239 continuum
814 1185 953 1252 laborem,
978 1197 1061 1258 atque
1082 1206 1113 1241 ea
1134 1206 1247 1260 quoque
1273 1209 1335 1262 quae

183 1294 264 1331 sensu
287 1287 314 1328 ct
336 1276 426 1327 aniiua
445 1288 549 1345 carent,
569 1285 600 1328 ut
618 1293 723 1327 servare
739 1277 792 1327 rim
813 1293 890 1329 suom
905 1277 1021 1348 possint,
1036 1275 1111 1330 velut
1123 1279 1216 1349 quiete
1230 1278 1334 1334 alterna

185 1364 381 1433 retenduntur,
400 1362 447 1415 sed
460 1362 535 1434 quod
549 1363 671 1417 studium
690 1363 828 1416 discendi¹
844 1363 993 1435 voluntate,
1011 1383 1072 1436 quoe
1086 1367 1145 1436 cogi
1162 1384 1217 1419 non
1234 1378 1334 1440 potest,

184 1463 300 1509 constat.
324 1453 371 1523 [9.]
393 1455 489 1523 ltaque
509 1463 535 1504 et
555 1453 652 1504 virium
674 1451 735 1523 plus
749 1451 870 1504 afferunt
884 1452 917 1505 ad
932 1452 1093 1507 discendum
1110 1458 1230 1508 renovati
1247 1476 1278 1509 ac
1293 1475 1335 1510 re·

184 1553 285 1611 centes,
299 1552 325 1595 et
337 1541 469 1593 acriorem
485 1542 616 1597 animum,
633 1543 679 1612 qui
697 1539 752 1593 lere
766 1540 971 1594 necessitatibus
984 1555 1127 1614 repugnat.
1142 1543 1209 1614 [ro]
1227 1546 1282 1598 Nec
1293 1564 1336 1598 me

184 1629 331 1684 offenderit
347 1629 422 1682 lusus
438 1631 464 1681 in
481 1630 573 1700 pueris
589 1648 595 1681 :
611 1641 689 1682 estet
705 1630 757 1681 hoc
773 1630 881 1699 siguum
896 1629 1059 1698 alacritatis,
1077 1650 1165 1702 neque
1178 1632 1256 1685 illum
1271 1635 1336 1686 tris-

184 1730 237 1773 tem
252 1737 414 1791 semperque
434 1718 580 1772 demissum
596 1718 709 1789 'sperare
722 1720 822 1790 possim
844 1732 940 1771 erecta
959 1721 1030 1771 circa
1050 1719 1139 1772 studia
1154 1721 1252 1773 mentis
1266 1721 1333 1787 fore,

184 1826 246 1862 cum
260 1809 288 1860 in
300 1807 352 1860 boc
362 1824 484 1878 quoquc,
499 1808 614 1860 maxime
626 1806 741 1859 naturali
753 1808 879 1859 sitatibus
892 1806 954 1875 iltis,
969 1809 1073 1879 impetu
1085 1810 1179 1863 iaceat.
1193 1810 1260 1881 [tn]
1275 1812 1338 1863 Μο-

187 1897 239 1951 ilus
253 1911 342 1949 tanten
362 1898 396 1948 sit
414 1897 630 1956 remissionibus,
649 1914 682 1948 ne
696 1906 743 1947 aut
758 1895 852 1948 odium
872 1896 1027 1949 studiorum
1048 1896 1146 1950 laciant
1163 1909 1275 1967 negata,
1289 1910 1336 1953 aut

187 1986 239 2038 ocii
255 1985 481 2038 cousuetudinem
504 1986 603 2036 nimiae.
620 1985 689 2036 Sunt
704 1985 784 2037 etiam
801 1983 926 2037 nonnulli
948 1985 1079 2038 acuendis
1095 2004 1244 2057 puerorum
1261 1990 1337 2057 inge-

185 2075 237 2127 niis
252 2092 306 2127 non
322 2074 431 2127 inutiles
447 2073 533 2142 lusuS,
548 2091 611 2127 cum
627 2074 722 2145 positis
735 2074 849 2125 invicem
864 2074 999 2144 cuiusque
1013 2077 1120 2144 generis
1131 2076 1339 2146 ‹prraestiunculis

188 2162 360 2217 aemulantur.
379 2162 446 2234 [rs]
467 2164 558 2215 Mores
577 2179 688 2233 quoque
706 2181 734 2214 se
753 2163 824 2214 iuter
848 2161 998 2215 ludendum
1018 2162 1171 2235 simplicius
1190 2163 1337 2235 detegunt,

189 2251 271 2304 modo
285 2251 360 2305 nulla
376 2251 500 2304 rideatur
513 2261 577 2303 actas
591 2262 645 2303 tam
660 2249 777 2319 infirma,
799 2268 859 2321 cpia
875 2268 929 2303 uon
944 2253 1071 2324 protinus
1080 2252 1147 2323 quid
1159 2263 1265 2306 rectum
1275 2272 1338 2324 pra·

190 2358 307 2412 rumque
322 2341 356 2393 sit
370 2340 456 2409 dicat,
472 2354 531 2393 tum
547 2340 585 2393 rel
602 2339 718 2392 maxime
732 2338 883 2408 formanda,
897 2358 960 2392 cum
975 2340 1123 2393 simulandi
1142 2343 1232 2394 nescia
1247 2352 1297 2412 est,
1313 2353 1339 2396 et

192 2430 412 2502 precipientibus
428 2428 555 2482 facillime
569 2427 650 2483 cedit.
665 2430 782 2497 Frangas
796 2428 869 2481 enim
884 2429 975 2497 cinus,
991 2447 1073 2501 quam
1088 2431 1219 2501 corrigas,
1235 2449 1296 2503 quoe
1310 2432 1337 2484 iu

186 2535 298 2590 pravum
310 2517 504 2571 induruerunt.
522 2518 588 2588 [rx]
603 2518 731 2571 Protinus
740 2535 815 2586 ergo,
829 2516 940 2588 nequid
953 2518 1063 2590 cupide,
1079 2518 1191 2590 nequid
1202 2521 1337 2591 improbe,

188 2606 302 2678 nequid
325 2609 489 2679 impotenter
508 2605 598 2674 faciat,
622 2604 774 2659 inoriemlus
792 2617 831 2658 est
851 2624 935 2678 puer,
961 2606 1175 2680 habendumque
1198 2610 1225 2661 iu
1247 2610 1339 2662 animo

188 2713 293 2767 semper
303 2694 371 2748 illud
387 2695 569 2765 virgilianum
585 2714 591 2748 :

432 2783 550 2839 ...Adeo
569 2784 596 2837 in
617 2784 710 2837 terreris·
729 2801 892 2838 consuescere
911 2783 1026 2838 nutltum
1046 2795 1086 2838 cst

185 2874 287 2929 arinis&

223 3145 245 3192 1.
264 3139 364 3190 Dicendi
383 3158 390 3189 2
408 3144 458 3190 Ms.

222 3222 247 3268 2.
267 3207 371 3268 Etienne
386 3216 415 3265 de
435 3215 519 3266 llouen
539 3231 552 3264 a
573 3212 697 3281 supprime
715 3213 739 3262 le

191 3294 286 3347 celebre
299 3307 395 3360 passage
409 3292 440 3341 οὺ
453 3291 588 3353 Quintilieu
608 3290 687 3338 bllme
705 3288 740 3338 les

185 3370 331 3421 ebitiments
344 3368 466 3434 corporels
478 3365 571 3431 inlliges
580 3382 625 3414 aux
633 3364 738 3414 enlantr.

789 3136 1339 3206 noineGodcsroi,del'ablmyedeSaiut-Vic·

790 3215 877 3279 tor(au
890 3219 942 3264 ιιιε
951 3214 1044 3279 siecle),
1058 3214 1093 3262 dit
1109 3229 1115 3263 :

816 3329 885 3368 I'rlml
896 3330 949 3377 ripn
956 3329 1054 3377 fluminis
1062 3327 1161 3376 praesidet
1174 3328 1275 3371 warum:

818 3391 933 3430 Puerorum
941 3392 1002 3430 min
1011 3391 1072 3439 rapat
1082 3392 1126 3430 ritu
1134 3392 1196 3441 lutus,

191 3446 254 3497 Sans
269 3446 341 3494 doute
360 3443 376 3491 il
386 3443 517 3509 perlegerit
527 3441 643 3507 l'opinion
654 3440 738 3489 deson

187 3522 286 3589 tempsi
299 3535 328 3571 ce
341 3520 411 3584 sujet.
427 3519 471 3568 Les
491 3519 586 3567 artistes
600 3517 632 3566 du
651 3531 738 3581 moyen

185 3599 228 3662 alge
238 3595 403 3663 representem
414 3593 436 3642 la
444 3593 594 3643 Grammaire
605 3607 660 3640 sous
673 3590 696 3640 la
711 3590 739 3639 sr-

186 3688 244 3739 guro
255 3672 328 3721 d'une
341 3670 429 3720 lemme
440 3668 522 3728 assisa,
535 3667 576 3732 qui
593 3668 654 3717 tieut
668 3667 740 3716 d'une

191 3747 257 3798 main
282 3747 324 3796 des
340 3760 434 3809 vergea,
451 3744 518 3794 etde
532 3744 619 3792 l'rutre
637 3759 669 3791 un
680 3741 741 3791 livre

188 3824 220 3872 ob
233 3823 275 3872 des
283 3819 559 3887 enlrntsepprennentl
570 3818 626 3867 lire.
639 3816 739 3875 Baudri,

187 3897 250 3949 abbe
258 3898 288 3948 de
297 3897 436 3961 Bourgueil,
446 3896 506 3944 dans
514 3910 546 3944 un
554 3894 639 3959 poeme
648 3893 743 3943 adcessi

188 3975 202 4025 ir
215 3974 299 4034 bdele,
321 3980 439 4022 comtesse
459 3970 490 4020 de
505 3970 580 4030 Blois,
593 3985 641 4018 une
653 3969 694 4017 des
705 3968 741 4018 lil-

191 4050 227 4100 let
240 4049 271 4099 de
280 4048 418 4100 Guillaume
435 4047 458 4094 le
472 4045 641 4111 llonquerant,
659 4044 696 4094 dit
711 4061 741 4093 en

187 4125 283 4192 {arlant
290 4124 349 4174 dela
359 4121 525 4172 Grammrire:

219 4241 326 4280 Praeterea
336 4238 411 4277 lemlrc
420 4236 524 4276 sublebot
534 4234 687 4283 dbclpulorum

234 4303 326 4343 Dextrae
334 4304 356 4340 ct
368 4302 437 4349 flagro
452 4299 514 4338 dorso
526 4296 577 4337 terit
593 4298 667 4338 rubeo.

392 4369 546 4434 (venian,
560 4365 644 4432 trra.)

229 4483 382 4535 L'auleurdu
395 4486 460 4532 Fons
466 4475 638 4546 Philosophia,
650 4477 674 4527 le
684 4477 744 4528 cbo-

820 3458 910 3500 Quormn
917 3458 967 3503 pota
980 3454 1042 3492 tacco
1050 3455 1119 3501 aalide
1126 3454 1208 3493 autur.-

824 3518 896 3565 rupta
910 3526 987 3566 qnoqne
990 3518 1065 3564 socilct
1071 3518 1157 3565 corripit
1169 3522 1261 3557 onitas.

1058 3587 1157 3650 (Stouce
1171 3588 1235 3648 ὃν.)

825 3714 1344 3774 saturansetmeesrdaustesmtmesiuter,

794 3791 850 3842 bien
861 3791 1129 3855 qu'arccmodiratiou.
1142 3791 1215 3840 -La
1230 3800 1344 3839 coatume

793 3868 824 3916 de
839 3867 917 3931 Cluny
931 3866 1022 3915 esttris
1039 3866 1152 3932 explicite
1172 3866 1237 3914 leet
1261 3864 1342 3929 egard.

796 3965 807 3986 ι(
823 3948 854 3992 Iu
878 3941 933 3992 solo
953 3940 1051 3989 camisia
1072 3939 1234 3991 creduntur...
1268 3940 1345 4007 rirgr's

794 4019 906 4069 rimiueis
921 4015 1011 4067 levibus
1023 4026 1047 4066 et
1057 4013 1171 4065 teretibus
1183 4014 1220 4063 od
1230 4016 1274 4066 lror
1284 4032 1344 4084 pro·

794 4097 885 4149 risis...
903 4117 915 4140 a
925 4092 973 4158 (οῐ.
983 4091 1110 4143 llemoires
1123 4091 1154 4141 de
1163 4090 1186 4140 la
1199 4091 1295 4143 Societe
1305 4091 1346 4141 des

795 4172 950 4237 Antiquaires
970 4169 1000 4218 de
1019 4168 1180 4228 llormmdie‚
1204 4176 1222 4218 t.
1244 4166 1344 4227 xxvtl,

796 4266 821 4314 p.
840 4249 891 4311 ll.)

829 4318 927 4373 Erasme
935 4331 1032 4388 pertago
1043 4319 1111 4369 l'exis
1120 4321 1150 4369 de
1160 4319 1296 4382 Quintilien
1305 4334 1347 4369 rur

796 4400 832 4450 lex
849 4398 995 4448 cbltiments
1014 4396 1139 4463 corporels
1157 4403 1182 4445 et
1212 4395 1247 4445 les
1264 4395 1348 4446 bllme

795 4475 952 4534 bautement;
965 4473 982 4521 il
992 4472 1073 4521 donne
1082 4487 1116 4521 un
1124 4471 1233 4538 exemplo
1244 4486 1346 4538 person·
