3248 5340
561 509 903 566 {NTRODUCTlON‘.
1231 530 1312 572 xxix

154 685 262 753 prose,
278 677 326 726 est
341 685 385 725 un
400 660 493 747 eloge
510 659 551 725 de
566 658 749 742 Quintilien
766 684 806 725 en
829 660 1015 750 particulier
1035 680 1066 728 et
1082 664 1123 728 de
1149 665 1177 729 la
1201 666 1312 731 rheto-

152 774 245 862 rique
265 795 305 837 en
327 771 471 859 general.
494 753 632 835 Etienne
651 796 671 860 y
692 771 826 860 indique
843 789 1023 838 nettement
1045 775 1076 839 le
1099 777 1159 840 but
1180 775 1254 865 qn'il
1278 799 1312 841 se

153 907 292 975 propose
306 899 339 947 et
350 882 380 946 le
397 883 474 972 plan
487 881 564 969 qu'il
580 906 597 947 a
614 881 694 946 snivi
714 910 721 944 ε

198 1143 214 1177 n
237 1113 460 1196 Quintilianus
477 1112 535 1177 iste
560 1112 636 1176 civis
664 1135 817 1177 romanus
837 1115 941 1179 extitit
960 1114 1195 1199 nobilissimus,
1213 1117 1308 1183 disci-

153 1225 238 1314 plina
271 1241 395 1302 orator,
433 1222 589 1310 dignitate
623 1240 766 1287 senator.
794 1224 854 1288 Hic
890 1225 1063 1290 duodecim
1092 1228 1305 1293 lustitutionis

153 1335 301 1401 oratoriae
322 1334 426 1401 libros
452 1333 596 1399 edidit...
624 1337 751 1398 Horum
772 1352 880 1399 autem
906 1335 1079 1402 duodecim
1102 1337 1305 1406 librorum...

154 1445 267 1510 decem
293 1463 420 1510 tantum
440 1444 520 1509 milri
542 1445 767 1509 innotuerunt.
795 1447 843 1509 Dc
867 1447 985 1533 quibus
1007 1449 1068 1512 ltoc
1090 1449 1188 1513 modo
1217 1451 1305 1514 lruuc

153 1573 343 1645 sequentem
368 1555 488 1620 librum
518 1553 685 1622 defloravi.
721 1555 875 1621 Perlectis
906 1556 993 1620 enim
1027 1557 1135 1636 libris,
1162 1560 1310 1624 animad-

154 1666 236 1731 terti
269 1666 380 1731 utilem
408 1666 549 1754 aliquem
576 1683 608 1730 et
641 1665 911 1755 compendiosum
944 1667 1064 1732 librum
1099 1667 1174 1732 iude
1215 1693 1310 1758 posse

154 1776 291 1854 extrahi,
313 1777 338 1841 si
367 1792 492 1841 tantum
513 1801 548 1841 ea
575 1795 828 1867 excerperentur
856 1801 928 1866 quac
953 1778 1080 1843 utiliora
1105 1778 1303 1845 viderentur.

153 1888 255 1953 Multa
287 1887 438 1977 equidem
468 1888 514 1952 ibi
538 1888 664 1978 prolixe
689 1888 841 1953 dicuntur
869 1913 940 1977 quur
970 1889 1165 1978 compendio
1193 1890 1303 1979 aliquo

153 1999 315 2064 terminari
336 2014 486 2088 possunt.
513 1999 653 2065 Subiens
679 1998 776 2086 igitur
807 1999 893 2064 lmnc
916 2000 1079 2076 laborem,
1104 2000 1206 2066 libros
1229 2002 1312 2066 arri·

152 2110 222 2199 pui‚
242 2110 284 2175 de
305 2108 441 2197 singulis
466 2109 625 2200 capitibus
647 2109 743 2174 llores
761 2110 919 2200 excerpsi,
936 2111 1084 2199 quiedam
1108 2112 1204 2177 etiam
1225 2112 1310 2201 capi-

152 2222 216 2286 tula
241 2220 365 2308 integra
385 2220 590 2309 transcripsi3
609 2221 758 2309 quaedam
773 2245 866 2300 vero,
892 2222 948 2286 ubi
972 2241 1170 2313 oportunum
1203 2223 1306 2287 visum

152 2348 215 2411 est,
242 2332 274 2396 in
293 2331 358 2395 duo
374 2330 486 2406 divisi3
502 2331 604 2396 nichil
629 2331 765 2396 omnino
787 2333 828 2396 de
851 2356 925 2396 meo
941 2332 1056 2419 adjeci.
1077 2333 1192 2399 Studui
1210 2333 1306 2398 etiam

152 2443 198 2507 sic
221 2464 395 2530 excerpere
415 2459 450 2506 ut
470 2442 593 2519 omnia,
610 2466 682 2531 quae
699 2443 775 2506 inde
795 2442 1007 2521 deflorarem,
1027 2444 1067 2508 ita
1089 2444 1150 2509 sibi
1171 2467 1309 2509 connec-

152 2541 296 2618 terentur
310 2552 402 2641 quasi
418 2577 518 2617 unum
538 2577 656 2642 corpus
678 2553 828 2631 luissent,
846 2571 878 2619 et
897 2557 938 2619 ab
954 2558 1024 2641 ejus
1046 2579 1102 2619 ore
1122 2555 1177 2620 tali
1193 2556 1308 2620 ordine

153 2664 393 2752 processissent.
425 2663 650 2754 Capitulorum
680 2683 788 2730 autem
829 2666 946 2731 seriem
984 2665 1132 2732 ordinate
1155 2666 1305 2756 premisl,

151 2775 239 2862 quod
270 2775 340 2864 ipse
363 2775 498 2839 minime
525 2774 620 2852 lecit,
639 2792 674 2839 ut
695 2775 820 2866 inipso
844 2777 951 2842 statim
980 2777 1114 2842 exordio
1132 2778 1235 2842 lector
1254 2777 1305 2842 in-

152 2903 277 2951 tueatur
290 2885 332 2951 de
351 2885 473 2974 quibus
487 2885 572 2951 liber
584 2886 768 2951 contexitur·
780 2888 832 2952 ¹...
858 2916 874 2949 »

196 3000 239 3062 La
257 2997 413 3062 methode
427 2995 505 3061 erait
523 2998 633 3061 bonne
655 3016 686 3062 et
701 2997 730 3062 le
750 2999 848 3063 cltoix
867 2999 924 3063 des
939 3001 1071 3064 extruits
1086 3015 1135 3064 est
1151 2998 1206 3064 luit
1222 3023 1304 3064 avec

152 3106 389 3195 inlelligence‘l.
410 3107 614 3172 L'ensemble
630 3111 794 3174 embrusse
814 3117 831 3174 a
847 3134 909 3199 peu
925 3117 1000 3199 prcs
1016 3110 1046 3174 le
1066 3110 1143 3173 ticrs
1158 3109 1199 3173 de
1221 3109 1311 3174 l'oen-

152 3242 207 3283 vre
226 3217 361 3282 entiere.
382 3218 474 3283 [lest
499 3219 697 3305 regrettable
721 3204 916 3308 qtt'Etienne
936 3219 1016 3283 n'ait
1039 3242 1096 3307 pas
1115 3223 1259 3304 respecte
1278 3218 1307 3280 la

153 3328 290 3393 division
308 3352 350 3392 en
371 3328 479 3407 douae¹
500 3328 614 3406 liures,
632 3329 763 3394 dounee
787 3354 845 3418 par
869 3328 1062 3410 Quintilien.
1091 3328 1117 3391 ll
1140 3352 1157 3392 a
1184 3328 1309 3417 prescrd

154 3438 291 3527 repartir
310 3438 356 3503 les
377 3439 527 3504 mutieres
558 3463 599 3504 en
621 3441 858 3529 quatre-ringis
877 3439 1038 3529 clrapitres
1063 3439 1144 3504 dont
1163 3439 1245 3504 voici
1263 3440 1309 3505 les

154 3549 257 3626 times,
274 3572 350 3613 avec
365 3549 565 3615 l'indication
581 3550 638 3615 des
659 3549 753 3615 livres
770 3551 926 3641 nuxquels
939 3551 976 3616 ils
991 3552 1261 3642 appartieunent:

200 3662 311 3724 iernr
330 3661 370 3746 1.]
400 3685 427 3724 t.
449 3662 610 3726 Utiliusne
630 3661 719 3727 domi
743 3687 784 3727 an
809 3662 840 3727 iu
864 3663 960 3728 scolis
980 3664 1072 3753 pueri
1101 3664 1309 3729 erudiantur?

151 3809 197 3820 —
217 3795 247 3835 2.
270 3770 369 3853 Quod
387 3771 495 3836 utilius
511 3771 546 3835 in
558 3771 653 3836 scolis
668 3772 857 3837 erudiantur
872 3773 962 3862 pueri
978 3796 1076 3860 quam
1092 3773 1194 3837 domi.
1215 3812 1256 3824 —
1273 3774 1305 3838 3.

151 3883 221 3964 Qua
238 3882 363 3946 ratione
384 3882 418 3946 in
438 3882 533 3946 variis
546 3882 674 3968 ingenia
691 3882 900 3948 dinoscantur
914 3900 946 3947 et
958 3882 1126 3971 quomodo
1140 3882 1308 3947 tractanda

152 3992 226 4057 sint.
251 4031 294 4042 -
316 3997 349 4071 d.
375 3995 424 4058 De
450 3995 670 4080 grammatica.
694 4031 734 4044 -
764 3995 795 4060 5.
825 3997 873 4059 De
895 3994 1002 4059 officio
1024 3993 1237 4081 grammatici.
1265 4032 1308 4042 -

153 4107 184 4170 6.
194 4109 244 4172 Au
253 4107 559 4204 oratori-profutura
569 4109 608 4174 sit
621 4109 763 4198 plurium
774 4108 1046 4176 artiumscientia.
1065 4149 1110 4160 -
1124 4135 1155 4198 7.
1173 4111 1221 4173 De
1236 4109 1310 4173 Mu·

190 4305 211 4353 l.
228 4302 272 4352 Hs.
289 4307 380 4366 tatto,
393 4304 414 4354 5⁰
426 4307 468 4365 ll,
488 4311 524 4355 r⁰.
750 4312 780 4354 n⁰
797 4309 823 4358 tt
832 4310 886 4365 llll,
900 4307 971 4357 tonus
982 4307 1044 4357 latin
1055 4307 1085 4355 de
1097 4306 1119 4356 la
1132 4304 1307 4371 Bibliothique

187 4381 211 4428 ².
226 4378 295 4443 Voir,
304 4378 447 4450 Amudis,
459 4390 487 4431 n⁰
496 4381 516 4444 l,
527 4381 549 4430 le
558 4389 625 4431 texte
635 4382 709 4431 dul‘r
751 4382 884 4432 nationale.

152 4452 213 4504 livre
224 4454 318 4522 d'apris
329 4456 353 4507 le
363 4456 408 4508 lls.
421 4449 550 4509 d'Etisnue
561 4457 592 4507 de
610 4455 706 4518 Ruueu,
