3248 5340
615 494 813 550 appatuit.
1226 510 1305 553 amu

190 645 257 698 Nam
279 656 373 697 «eontra
393 642 486 716 plures
505 645 681 716 repperisset
702 644 794 697 faciles
808 646 835 697 iu
855 646 1035 713 excogitando
1049 656 1075 699 et
1091 646 1124 699 ad
1141 646 1303 700 discendum
1345 661 1469 697 situatae

155 742 306 808 promptos.
323 735 433 805 Quippe
449 733 531 786 idest
550 735 653 786 homini
669 733 792 787 naturale
809 752 815 787 :
836 752 867 787 ac
881 736 950 787 sicut
967 753 1029 787 aves
1043 734 1077 787 ad
1093 735 1224 805 votamm,
1239 738 1305 808 equi
1349 707 1465 785 mm

154 824 187 877 ad
203 841 324 892 cursum,
341 822 375 875 ad
390 823 518 874 sevitiam
534 821 597 876 lenc
610 824 761 893 gignuntur
776 842 783 876 ε
801 825 838 876 ita
852 823 931 877 nobis
948 825 1061 896 propria
1076 835 1115 877 est
1130 826 1229 878 mentis
1253 826 1307 894 agi·
1364 796 1453 831 ”nm

155 914 223 968 tatio
236 923 319 984 atque
331 910 441 964 solertia
456 930 462 964 :
477 911 550 965 unde
565 914 642 981 origo
662 913 746 965 animi
763 913 876 966 ‹mlestis
894 912 1024 966 creditur.
1045 913 1096 984 [a]
1114 915 1231 966 Hebetes
1244 932 1307 967 vcro
1327 922 1487 1008 sssffimrgtt‘t

154 1013 181 1054 ct
194 1000 324 1054 indociles
335 1018 390 1053 tion
402 1002 484 1070 magis
495 1000 645 1054 secumlum
657 1013 781 1055 araturam
795 1002 913 1054 bominis
923 1001 1044 1056 cilttutur
1055 1020 1137 1073 quam
1150 1001 1307 1075 prodigiosa

155 1108 281 1164 corpora,
297 1103 325 1142 et
340 1091 469 1142 monstris
484 1091 598 1160 insignia
614 1108 621 1143 :
638 1089 684 1143 sed
698 1090 726 1143 bi
737 1092 816 1164 pauci
831 1090 991 1144 admodum.
1008 1091 1102 1144 Fuerit
1115 1102 1307 1162 argumentum

156 1179 230 1252 quod
243 1182 270 1232 iu
286 1181 379 1252 pueris
391 1178 479 1233 elucet
490 1197 550 1251 spes
561 1179 745 1252 plurimorum
760 1198 840 1251 :quae
853 1198 915 1232 etim
931 1181 1065 1234 emoritur
1076 1191 1164 1247 aetate,
1182 1179 1308 1233 manifes-

157 1280 214 1322 tum
227 1278 267 1321 est
282 1286 336 1321 non
353 1279 479 1320 naturam
493 1266 631 1337 deiecisse,
647 1267 694 1321 scd
705 1286 810 1322 nitram.
822 1270 908 1339 [5....]
922 1270 1024 1322 Natura
1037 1270 1202 1322 tenacissimi
1213 1286 1309 1323 sumus
1337 1297 1470 1333 rmum-„1

156 1376 252 1412 eorum
267 1376 328 1429 quae
347 1355 463 1410 rudibus
476 1358 555 1409 annis
574 1359 742 1430 percipimus
761 1376 767 1411 :
788 1368 818 1412 ot
833 1376 913 1431 sapor
931 1376 988 1430 qtin
1009 1377 1078 1412 uota
1091 1357 1197 1412 imbuas
1211 1357 1307 1429 durat,
1328 1342 1489 1429 αᾜζῖξη

158 1466 207 1500 nec.
230 1447 354 1500 lanarum
369 1445 476 1499 colores
487 1446 589 1517 quibus
601 1447 714 1518 simplex
731 1446 777 1499 illc
789 1446 892 1499 candor
909 1457 1031 1500 mutatus
1045 1457 1095 1519 est,
1113 1447 1168 1501 elui
1183 1457 1307 1520 possunt.
1346 1430 1468 1527 22⁴2*ss

157 1539 191 1589 Et
206 1535 262 1589 lraec.
277 1537 334 1608 ipsa
349 1535 434 1606 magis
449 1535 625 1607 peninaciter
640 1535 741 1588 licerent
757 1554 818 1607 quae
831 1535 966 1589 deteriora
980 1546 1054 1589 sunt.
1069 1538 1136 1589 Nam
1151 1538 1221 1588 bona
1232 1533 1311 1588 facile
1346 1537 1467 1617 affigi*

157 1635 299 1678 nuttantur
311 1626 338 1677 in
354 1623 432 1697 pejus
449 1643 455 1677 :
470 1642 544 1677 tittric
556 1623 669 1695 spirando
687 1626 714 1676 iu
731 1624 833 1678 bonum
850 1626 963 1678 verteris
978 1626 1095 1679 vitiat...

193 1714 278 1785 [8.]...
302 1711 377 1765 Nihil
398 1711 476 1785 pejus
500 1723 540 1765 est
556 1714 588 1764 iis
602 1714 650 1784 qui
665 1712 778 1784 paulum
797 1712 902 1784 aliquid
919 1711 990 1767 ultra
1007 1714 1109 1785 primas
1123 1712 1225 1768 litteras
1242 1732 1311 1787 pro·
1347 1721 1473 1800 hupiffln

156 1804 250 1875 gressi,
265 1802 358 1855 salsam
377 1802 430 1854 sibi
450 1803 570 1854 selemia
589 1803 794 1874 persuasionem
810 1801 972 1856 induerunt.
992 1803 1064 1857 Nom
1079 1812 1103 1855 et
1116 1804 1309 1877 cedcmproeci-
1346 1816 1473 1853 armam

99 1934 105 1946 .
155 1892 247 1965 piendi
264 1891 359 1965 peritis
378 1890 566 1962 indignantur,
586 1899 612 1943 et
629 1889 698 1944 velut
711 1892 772 1963 jure
785 1892 795 1961 ΙΙ
818 1892 933 1964 quodam
953 1892 1096 1964 potestatis
1114 1910 1166 1965 quo
1178 1893 1240 1961 fere
1260 1893 1308 1946 lma

158 1981 292 2034 lominum
301 1998 386 2051 genus
398 1979 558 2051 intumescit,
573 1979 707 2053 imperiosi
716 1988 797 2053 atque
807 1980 912 2034 interim
926 1980 1061 2034 sueieutes
1074 1979 1221 2034 stultitiam
1231 1999 1309 2034 sruim

155 2069 324 2143 pentorcnt¹.

194 2159 294 2230 [ra.]1l
307 2176 431 2211 sermono
443 2176 531 2227 graeco
543 2176 660 2230 puerum
676 2159 797 2231 incipere
811 2157 883 2212 malo
896 2178 903 2212 ε
917 2161 980 2231 quia
998 2158 1107 2231 latinus,
1123 2161 1170 2231 qui
1183 2159 1310 2233 pluribus
1362 2171 1452 2245 affl

159 2250 186 2301 in
200 2266 250 2302 usu
264 2257 314 2319 est,
331 2247 371 2300 vel
386 2247 466 2300 nobis
481 2247 638 2301 nolentibus
653 2266 681 2299 se
696 2246 822 2319 perbibet
839 2266 846 2301 :
860 2246 942 2301 simul
957 2250 1021 2321 quia
1033 2247 1184 2320 disciplinis
1197 2266 1309 2321 quoque
1341 2255 1475 2298 incipientum.

157 2338 250 2407 graccis
262 2339 338 2408 prius
351 2336 535 2389 instituendus
547 2347 597 2406 est,
616 2338 690 2390 unde
703 2348 730 2389 et
743 2351 843 2389 nostrie
858 2337 1007 2391 lltrxerunt.

196 2427 263 2497 [18.]
285 2425 443 2492 Quamlibet
465 2444 563 2498 parum
584 2427 619 2478 sit
641 2425 716 2497 qamt
733 2425 880 2479 contulerit
903 2438 967 2479 ictas
988 2428 1073 2499 prior,
1096 2426 1199 2498 majora
1218 2438 1307 2480 tauma
1352 2444 1473 2479 satannio

158 2514 248 2588 aliqua
264 2514 350 2567 discet
365 2532 433 2587 pater
447 2533 481 2566 eo
503 2533 576 2567 anno
597 2533 654 2586 quo
673 2515 779 2567 minora
793 2513 942 2569 didicisset.
958 2516 1025 2586 [tp]
1047 2518 1105 2569 Hoc
1123 2515 1310 2589 persingulas
1347 2489 1467 2524 'amm

157 2621 243 2659 unitos
253 2612 430 2678 prorogatum
445 2604 472 2656 in
488 2622 620 2656 sniumom
631 2603 745 2677 proficit,
761 2613 786 2656 et
801 2612 932 2676 pitantiam
946 2604 973 2658 in
982 2605 1101 2674 insontia
1114 2613 1309 2678 presumptum

158 2701 205 2760 est,
221 2694 346 2766 teriiporis
357 2691 541 2746 adolescentie
555 2692 732 2765 neptiiritttr³.

192 2783 253 2835 Non
269 2800 333 2852 ergo
348 2781 493 2855 perdamus
508 2784 626 2855 primum
641 2784 733 2835 statim
750 2793 870 2855 tempus,
887 2794 969 2854 atque
984 2801 1017 2835 co
1036 2784 1127 2836 minus
1142 2783 1217 2855 qttod
1233 2784 1309 2846 initia
1355 2794 1462 2872 tna-nippis

159 2872 310 2925 litterarum
330 2871 386 2924 sola
402 2872 533 2923 memoria
552 2883 687 2937 coustant,
708 2890 770 2945 (puae
788 2890 843 2924 nou
864 2871 947 2924 modo
962 2874 1020 2945 jam
1037 2883 1075 2926 est
1096 2873 1124 2925 in
1141 2874 1245 2945 parvis,
1264 2873 1311 2926 sed
1349 2848 1473 2919 silendam..

157 2962 238 3015 etiarn
254 2960 424 3013 tenacissima
437 2973 487 3015 cst.

199 3050 267 3121 [ao]
290 3051 346 3103 Nec
367 3067 427 3102 suin
447 3048 515 3103 atleo
535 3060 645 3103 actatum
662 3050 832 3124 imprudens,
849 3062 877 3104 ut
893 3049 1050 3104 instandum
1068 3053 1169 3104 teneris
1184 3053 1311 3124 protinus

158 3140 255 3191 acerbe
266 3148 370 3210 putem,
381 3137 596 3210 exigendamque
607 3138 715 3212 plenam
727 3157 848 3212 operam.
861 3141 928 3192 Nam
943 3139 970 3192 nt
980 3140 1006 3191 in
1018 3139 1113 3209 primis
1125 3157 1218 3192 carcre
1231 3157 1312 3212 opor·
1353 3158 1393 3189 son
1404 3153 1468 3187 mni

158 3226 226 3279 tebit
241 3226 376 3280 nestudia
393 3228 440 3299 qui
462 3245 552 3280 aurare
573 3227 696 3281 uomlum
715 3239 816 3300 potest,
837 3228 935 3295 oderit,
956 3237 984 3279 et
1002 3227 1212 3280 amaritudinem
1228 3228 1310 3281 semel
1339 3198 1481 3319 miiitisi‘l'm

158 3327 320 3389 praeceptam
341 3318 423 3369 ctiam
441 3316 511 3370 ultra
532 3316 613 3370 rudes
629 3336 716 3370 aririos
732 3316 902 3370 reformidet.
922 3318 1010 3370 Lusus
1025 3316 1069 3369 hic
1084 3318 1117 3370 sit
1136 3335 1142 3370 :
1159 3328 1184 3369 et
1200 3326 1312 3386 rogetur
1368 3288 1454 3329 teum

158 3416 185 3457 et
198 3404 334 3475 laudetur,
349 3417 375 3458 et
401 3424 600 3477 noniutnquam
612 3407 693 3459 scisse
703 3424 731 3459 se
743 3405 870 3476 gaudeat.
887 3405 1043 3475 Aliquando
1058 3407 1117 3478 ipso
1132 3404 1241 3459 nolente
1261 3405 1312 3458 do-

157 3507 253 3548 ceatur
266 3494 346 3561 alius,
370 3495 415 3547 cui
431 3494 563 3567 invideat,
580 3494 729 3548 contendat
749 3497 901 3549 interimet
928 3496 1026 3568 sapius
1043 3495 1149 3548 vincere
1168 3514 1196 3548 se
1214 3505 1308 3567 putet3

157 3584 275 3656 premiis
286 3583 379 3651 etiam,
396 3584 497 3654 qttibus
511 3585 620 3656 capitur
631 3584 675 3637 illa
690 3593 764 3650 ictas,
779 3599 917 3638 evocetur.

193 3673 262 3743 [aa]
283 3673 367 3725 Parra
381 3672 511 3725 docemus
526 3672 726 3726 instituendum
748 3684 886 3727 oratorem
898 3673 1030 3746 protessi3
1046 3674 1093 3727 sed
1111 3685 1150 3727 cst
1166 3693 1215 3728 sua
1228 3679 1311 3728 etiam
1357 3683 1464 3763 {pm

157 3760 255 3814 studiis
273 3760 398 3825 infautia,
415 3772 442 3814 et
456 3772 486 3815 ut
498 3780 647 3834 corporum
666 3780 728 3815 rnox
746 3763 828 3815 etiam
844 3762 1052 3816 fortissimorum
1070 3762 1195 3816 educatio
1212 3782 1227 3816 a
1242 3762 1312 3817 lacte

157 3852 291 3922 curtisque
305 3852 414 3903 initium
429 3851 516 3921 ducit,
533 3852 568 3903 ita
590 3850 700 3904 iuturus
720 3851 960 3923 eloquentissimus
974 3851 1060 3904 edidit
1073 3851 1222 3922 aliiptando
1236 3854 1311 3921 vagi·
1339 3864 1382 3899 son
1393 3873 1481 3907 mm.

102 3997 109 4009 .
158 3948 264 4009 tum‚et
282 3939 356 4010 loqui
373 3941 493 4011 primum
509 3941 611 3993 incerta
631 3959 695 3993 voce
714 3942 834 4010 tentavit,
854 3949 880 3992 et
898 3940 974 3993 hasit
993 3941 1065 3993 circa
1085 3939 1185 3992 liirmas
1206 3940 1312 3994 littera·
1360 3909 1467 3996 epm

158 4046 230 4084 rum.
247 4030 302 4082 Nec
317 4032 337 4081 si
351 4029 419 4100 quid
431 4029 535 4083 discere
552 4031 616 4083 satis
629 4048 684 4083 riou
698 4042 749 4099 est,
766 4030 827 4083 ideo
839 4048 947 4084 neccsse
960 4046 1014 4082 uon
1030 4040 1079 4082 est.
1347 3999 1476 4035 mm

202 4310 224 4357 1.
243 4306 288 4357 Les
300 4324 410 4374 passages
419 4318 445 4359 et
455 4310 488 4360 les
502 4309 652 4360 maucbettes
663 4325 711 4375 que
807 4313 831 4360 t.
850 4309 884 4359 Ge
899 4324 996 4376 passage
1009 4324 1023 4358 a
1035 4307 1075 4359 iti
1090 4308 1136 4358 mis
1148 4325 1178 4359 eu
1194 4326 1275 4376 merge
1289 4322 1313 4363 et

157 4382 183 4449 je
206 4393 268 4433 mets
285 4400 315 4433 en
331 4385 432 4451 italique
449 4395 504 4436 sont
519 4384 639 4451 souligm'es
653 4387 713 4436 daras
765 4385 874 4452 souligm's
886 4401 930 4451 par
944 4383 1044 4434 liaeine.

160 4459 184 4510 le
199 4459 243 4511 tls.
265 4460 295 4510 de
311 4460 411 4512 Recine.
796 4469 820 4516 3.
834 4462 913 4515 Idem.
