3248 5340
632 488 922 545 txrttouttcrtort.
1255 504 1361 547 cxxxv

254 669 270 703 ιι
295 643 363 729 Ego
388 641 433 705 M.
459 639 575 704 abbas¹
596 639 710 703 videns
733 638 907 704 bibliotece
924 654 1036 704 nostre
1059 638 1188 705 codices
1205 656 1361 708 vetustate

150 768 154 775 '
211 777 228 816 <t
253 752 349 816 nimia
370 750 512 815 cariosos
535 766 568 814 et
591 748 776 814 tereredinc
798 773 835 815 ac
854 749 940 815 tinea
957 749 1094 815 rodente
1114 768 1299 841 corruptos,
1320 753 1360 819 ad

210 890 226 925 ιι
250 887 362 927 eorum
378 860 589 926 refectionem
602 877 634 926 et
647 883 809 925 novorum
825 860 1113 949 comparationem,
1126 885 1180 926 seu
1201 865 1363 929 membra-

207 1001 223 1037 «
248 997 363 1039 narum
381 971 618 1053 cocmcionem,
635 971 806 1058 rogatione
822 969 919 1036 ctiam
935 971 1064 1037 Attonis
1077 971 1234 1037 carissimi
1254 973 1361 1040 fratris

206 1115 220 1145 a
248 1084 364 1163 nostri,
384 1084 448 1149 hoc
466 1083 500 1147 in
515 1082 656 1172 capitulo
680 1099 791 1146 nostro
805 1099 967 1147 conventu
984 1082 1245 1148 totoasentiente
1258 1101 1292 1149 et
1307 1108 1361 1150 ro-

207 1226 220 1255 «
249 1212 344 1283 gantc
354 1193 520 1268 constitui,
535 1192 686 1258 constitui
700 1193 837 1281 inquam
849 1209 914 1257 tam
929 1215 990 1280 ego
1005 1217 1105 1281 quam
1119 1194 1244 1284 priores
1258 1197 1360 1261 nostri

208 1333 225 1369 d
248 1323 280 1371 et
294 1305 349 1394 qui
363 1305 448 1370 intra
468 1304 505 1391 (91
521 1303 756 1368 monasterium
772 1303 978 1369 obedienciae
991 1304 1130 1383 habent,
1146 1305 1185 1370 ad
1203 1307 1360 1396 hocopus

207 1446 222 1477 ιι
248 1432 314 1480 tam
331 1415 560 1492 necessarium,
578 1413 750 1491 tamutile,
769 1430 835 1478 tam
847 1413 1032 1492 honestum,
1048 1415 1214 1480 annuatim
1234 1415 1266 1480 in
1283 1419 1360 1482 bro·

207 1555 223 1586 ιι
250 1526 325 1590 mali
352 1524 521 1589 festivitate
544 1523 646 1588 sancti
676 1524 839 1588 Benedicti
863 1523 986 1612 aliquid
1013 1524 1258 1590 conseramus...
1290 1529 1358 1614 Ego

207 1664 223 1699 ιι
247 1636 343 1723 igitur
354 1652 386 1700 et
399 1635 455 1722 qui
465 1634 545 1699 milri
560 1634 712 1700 succedet
729 1636 831 1700 abbas
850 1634 964 1701 decem
978 1634 1099 1700 solidos
1118 1636 1211 1701 annis
1225 1635 1358 1723 singulis

205 1774 221 1809 (ι
247 1747 351 1823 dab03
372 1745 463 1836 prior
481 1744 522 1810 de
537 1745 664 1834 regula,
684 1748 713 1809 V
729 1744 892 1810 solidos...
910 1761 971 1810 etc.
991 1771 1008 1807 »
1027 1748 1071 1810 Le
1085 1749 1224 1827 nombre
1238 1746 1294 1812 des
1310 1746 1359 1812 di·

201 1856 354 1943 gnitaires
368 1856 568 1946 del'abbaye
585 1856 666 1921 ainsi
683 1856 825 1945 imposes
840 1872 889 1921 est
905 1856 946 1919 dc
960 1857 1015 1936 31,
1032 1856 1105 1921 etia
1119 1881 1243 1922 somme
1258 1859 1356 1922 totale

202 1983 250 2031 est
258 1967 299 2032 de
313 1991 355 2056 72
370 1990 456 2032 sous.
472 1966 528 2031 s'it
538 1966 679 2054 s'agitdc
695 1991 770 2031 sous
785 1966 945 2055 d'argent‚
960 1967 1027 2033 cela
1038 1967 1285 2057 representerait
1296 1992 1355 2034 au·

202 2078 367 2164 jourd'hui
384 2079 449 2166 296
459 2079 499 2142 fr.
512 2079 585 2158 542,
597 2080 632 2142 Je
643 2077 778 2143 croirais
791 2077 909 2167 plutot‚
926 2102 967 2143 vu
982 2078 1012 2143 la
1027 2079 1188 2144 solennite
1198 2078 1239 2144 de
1248 2078 1353 2158 Paete,

198 2189 276 2277 qu'il
295 2189 387 2276 s'agit
404 2188 445 2254 dc
466 2212 541 2254 sous
558 2188 641 2267 d'or,
659 2193 882 2278 representem
898 2190 1104 2275 aujourd’lrui
1121 2192 1220 2278 4591
1239 2191 1277 2255 fr.
1297 2214 1352 2278 9²·

200 2300 290 2365 Cette
311 2299 537 2378 constitution,
555 2324 595 2364 en
618 2299 800 2365 admettant
817 2299 935 2387 qu'elle
957 2300 1001 2364 ait
1019 2305 1070 2364 etc
1089 2307 1257 2379 exectum,
1275 2325 1292 2366 a
1310 2302 1355 2366 du

200 2408 388 2474 contribuer
406 2416 425 2475 t't
446 2427 637 2498 augmenter
653 2410 699 2475 les
718 2410 878 2476 richesses
900 2409 1201 2502 bibliographiques
1219 2411 1260 2476 de
1276 2412 1356 2477 l'ab-

200 2521 293 2584 bate.

241 2742 329 2806 Dans
348 2764 402 2806 ces
425 2740 511 2806 deux
532 2744 628 2820 Mss.‚
654 2742 683 2807 le
703 2743 847 2832 premier
865 2743 1025 2831 fragment
1050 2743 1090 2810 de
1109 2745 1289 2828 Quintilien
1314 2770 1351 2810 va

198 2850 310 2940 depuis
330 2854 439 2940 Igitur
455 2866 489 2916 ut
512 2857 636 2919 Aratus
657 2853 718 2942 (Χ,
740 2878 768 2932 ι,
793 2854 846 2942 46)
861 2854 991 2943 jusqu'a
1006 2854 1036 2920 la
1051 2855 1094 2920 fin
1111 2856 1154 2921 du
1171 2857 1315 2946 chapitrc
1341 2880 1349 2923 τ

197 2963 591 3052 qttmquodvolut'ttsseeit
610 2966 661 3051 (X,
680 2988 707 3043 ι,
728 2965 816 3050 131).

241 3074 283 3136 Le
298 3072 421 3138 second
439 3073 630 3157 fragmenta
649 3099 732 3165 pour
749 3075 824 3140 titre
847 3103 854 3139 :
874 3076 969 3139 Libro
988 3076 1072 3141 ΧΙΙΟ
1087 3101 1097 3140 .·
1112 3078 1283 3165 degenere
1300 3080 1350 3142 dt-

196 3183 296 3261 eemlt,
314 3200 345 3247 et
354 3208 391 3248 va
404 3182 445 3249 de
462 3187 536 3264 XII,
559 3210 608 3263 ιο,
629 3210 678 3266 ιο,
694 3187 732 3252 Iu
744 3196 892 3253 oratione
906 3211 985 3250 vero
997 3196 1026 3251 si
1035 3197 1154 3275 speeies
1168 3196 1286 3251 intueri
1296 3210 1351 3250 ve·

196 3293 264 3371 lim,
286 3301 304 3357 a
323 3296 398 3379 XII,
422 3318 472 3372 to,
498 3297 549 3371 15,
565 3297 738 3361 disserenti
754 3298 894 3362 brevitas
912 3307 986 3362 erit.

239 3402 264 3466 11
278 3421 325 3467 est
339 3411 497 3470 etonnant
512 3407 586 3494 qu'a
602 3407 666 3473 l'ab
678 3411 761 3498 baye
771 3408 812 3473 tle
826 3408 943 3498 Fleury
958 3432 1000 3473 on
1012 3408 1090 3474 n'ait
1102 3432 1159 3499 pas
1172 3414 1272 3497 songo
1286 3415 1304 3473 a
1316 3432 1350 3474 se

195 3512 296 3577 servir
310 3513 353 3579 du
369 3517 544 3583 manuscrit
558 3519 645 3606 7896
662 3543 745 3609 pour
759 3520 910 3586 combler
925 3543 966 3587 en
981 3520 1085 3611 partie
1099 3520 1146 3586 les
1161 3520 1291 3587 lacunes
1306 3520 1348 3586 du

194 3624 376 3689 Beruensis.

238 3734 324 3816 Quoi
343 3736 422 3824 qu'il
436 3762 477 3802 en
497 3740 571 3817 soit,
589 3740 644 3827 j'ai
665 3741 763 3807 voulu
781 3766 834 3807 me
854 3743 973 3808 rendre
993 3763 1122 3833 compte
1142 3745 1183 3810 dc
1200 3747 1349 3811 iaroleur

192 3844 233 3909 de
243 3869 295 3911 ees
307 3846 393 3912 deux
405 3848 594 3936 fragments,
613 3868 644 3915 et
660 3854 692 3938 je
706 3852 752 3918 lcs
765 3851 795 3916 ai
811 3853 1036 3919 collationnes.
1056 3855 1118 3918 Sur
1130 3855 1173 3933 43
1188 3856 1348 3920 variantes

163 4042 168 4051 Ι
191 3957 319 4043 quej’ai
333 3967 522 4047 comparees
537 3964 593 4047 (X,
614 3987 642 4047 1,
655 3964 758 4044 to-x,
778 3988 805 4043 1,
823 3964 876 4049 68)
891 3964 971 4030 dans
986 3965 1032 4030 les
1043 3981 1157 4054 quatrc
1171 3967 1249 4030 Mss.
1266 3966 1347 4031 dont

226 4202 248 4247 1.
266 4197 360 4250 L’nbbe
373 4199 472 4267 dirigui
485 4202 516 4252 ici
527 4220 570 4269 par
583 4215 647 4255 cette
661 4207 684 4256 tt
697 4206 745 4256 ini·
787 4205 886 4271 (Gallia
896 4207 1049 4273 Christiana,
1061 4219 1081 4262 t.
1089 4209 1153 4273 t'ttl,
1165 4211 1213 4261 col.
1227 4214 1309 4276 1557).

188 4270 520 4339 &carnuntensem
534 4280 686 4331 duramina!
701 4282 744 4332 ΑΙ·
821 4287 846 4333 2.
866 4283 963 4351 ὓίριὲσ
997 4286 1035 4336 les
1068 4286 1137 4336 bases
1170 4287 1277 4338 donnees
1302 4304 1345 4355 pur

188 4346 266 4411 hiric,
288 4349 350 4415 legat
364 4352 399 4401 du
418 4352 570 4421 saint-siege.
593 4356 663 4407 Cette
685 4373 744 4407 con·
785 4358 818 4410 11.
832 4359 990 4422 Bandriltart,
1010 4377 1050 4411 ces
1068 4364 1099 4412 tt
1118 4378 1174 4411 sous
1204 4363 1347 4415 raudraient

191 4421 304 4474 rtituticn
319 4436 356 4477 est
369 4427 412 4477 des
429 4429 541 4480 erlendes
559 4430 590 4480 de
600 4446 665 4481 mars
681 4435 742 4483 tttt
786 4434 938 4485 maintenrnt
951 4438 1000 4486 126
1017 4436 1107 4488 francs.
