3248 5340
308 506 341 555 76
635 501 673 554 Μ.
698 500 816 556 FABll
846 498 1130 571 Qutn‘mtan‘t

314 656 363 721 Ea
386 675 485 738 vero,
509 676 589 748 quae
611 665 694 721 sunt
707 650 848 747 syllabae
867 652 992 738 unius,
1029 662 1135 721 erunt
1156 663 1258 720 acuta
1276 662 1339 719 ant
1358 647 1466 732 llere,

239 791 279 849 32
309 796 354 843 ne
372 773 415 843 sit
430 771 550 867 aliqua
560 796 629 842 vox
639 772 715 842 sine
727 786 844 842 acuta.
857 775 900 842 Et
915 769 973 842 illa
989 794 1052 868 per
1067 794 1177 841 sonos
1189 767 1372 858 accidunt,
1386 793 1469 864 quae

307 892 546 963 demonstrari
577 891 711 987 scripto
744 917 818 963 non
843 905 1006 990 possunt,
1030 891 1114 961 vitia
1149 889 1221 961 oris
1243 903 1278 959 et
1310 886 1464 983 linguae:

309 1016 519 1106 ίωτακισμοὺς
537 1026 573 1082 et
603 1015 822 1108 [μυτακισμοὺς
837 1015 884 1103 el]
903 1006 1135 1106 λαὲδακισμοὺς
1152 1024 1188 1081 et
1214 1012 1400 1105 iokudrurue
1432 1022 1469 1078 et

306 1135 534 1226 πλατειασμοὺς
558 1130 734 1202 feliciores
754 1130 930 1226 fingendis
951 1129 1165 1202 nominibus
1182 1129 1295 1200 Graeci
1314 1142 1462 1212 vocant,
1509 1153 1524 1195 s

307 1253 398 1322 sicut
415 1252 645 1346 κοιλοστομίαν,
664 1276 747 1322 cum
772 1275 840 1321 vox
863 1251 964 1348 quasi
985 1252 1021 1321 in
1046 1273 1185 1321 recessu
1211 1250 1283 1320 oris
1303 1247 1463 1319 auditur.

239 1391 277 1446 33
307 1374 399 1441 Sunt
418 1372 526 1442 etiarn
548 1372 685 1469 proprii
706 1370 852 1467 quidam
877 1385 912 1441 et
937 1368 1197 1441 inenarrabiles
1221 1369 1313 1455 soni,
1333 1366 1467 1465 quibus

307 1515 572 1587 nonnunquam
585 1491 746 1562 nationes
759 1490 1069 1589 reprehendimus.
1093 1489 1253 1561 Remotis
1264 1488 1372 1583 igitur
1385 1512 1467 1558 om·

307 1610 426 1699 nibus,
439 1610 486 1681 de
500 1609 632 1708 quibus
647 1608 934 1708 supradiximus,
949 1610 1043 1681 vitiis
1057 1611 1123 1680 erit
1139 1608 1209 1694 illa,
1225 1621 1466 1705 quaevocatur

305 1735 477 1826 ὀρθοέπεια,
506 1732 542 1802 id
569 1745 619 1801 est
642 1728 831 1802 emendata
850 1754 933 1802 cum
954 1730 1128 1800 suavitate
1147 1753 1279 1799 vocum
1297 1726 1464 1825 explana·
1495 1741 1525 1789 ¹0

307 1851 382 1921 tio:
408 1876 490 1920 nant
512 1850 563 1921 sic
584 1851 698 1947 accipi
715 1863 833 1947 potest
850 1865 947 1921 recta
968 1847 1146 1948 [locutiol.

344 2046 368 2080 a.
383 2043 417 2078 ne
431 2027 499 2080 sit...
515 2036 593 2078 acuta
609 2044 615 2080 :
629 2026 717 2080 ouiitt.
733 2030 755 2078 A
781 2035 807 2077 1²
820 2045 855 2079 m.
869 2056 902 2065 —
921 2034 947 2089 t'·
965 2026 1122 2079 iotacismus
1139 2043 1145 2079 :
1163 2027 1184 2078 B
1198 2025 1221 2077 N
1234 2026 1263 2094 P,
1280 2024 1364 2093 7725,
1380 2041 1461 2093 7727,

306 2115 491 2166 uriotacismus
513 2131 520 2168 :
542 2114 748 2167 anch.
765 2146 799 2154 —
811 2117 838 2169 6.
854 2114 968 2169 auditur
983 2132 990 2168 :
1005 2117 1040 2181 Ζ,
1057 2113 1190 2166 dividitur
1211 2132 1217 2167 :
1239 2115 1259 2165 B
1280 2113 1302 2165 N
1325 2113 1345 2164 P
1365 2112 1405 2165 M.
1427 2141 1464 2152 -

306 2222 330 2270 7.
340 2202 534 2255 inenarrabiles
550 2219 557 2256 ε
572 2205 602 2273 Ζ,
615 2203 774 2256 inerrabiles
789 2220 794 2256 :
810 2202 903 2274 Guels3
913 2202 1126 2256 innumerabiles
1142 2220 1148 2257 :
1163 2201 1270 2272 Regius,
1283 2199 1361 2270 Me,-
1372 2201 1463 2252 ineri-

305 2289 400 2343 labiles
412 2309 419 2341 t
430 2294 588 2364 Cupperou.‚·
599 2292 776 2346 inimitabilis
792 2292 922 2348 :Ernesti
931 2323 964 2332 -
973 2293 999 2346 8.
1015 2291 1246 2364 deprehendimus
1260 2309 1269 2342 .·
1282 2293 1384 2354 Brenn„
1393 2292 1463 2342 Pot-

304 2379 362 2433 tier.
381 2410 415 2419 —
430 2400 456 2448 9.
482 2379 516 2433 de
530 2382 631 2452 quibus
645 2380 784 2454 :plerique
795 2381 884 2448 codd.,·
897 2398 959 2452 quu-
975 2399 981 2435 :
998 2381 1020 2432 C
1035 2379 1121 2433 Buliol
1135 2380 1205 2432 Joau
1220 2388 1246 2432 et
1260 2376 1336 2431 mrelt.
1350 2377 1411 2431 edd.
1426 2407 1461 2418 -

307 2486 348 2522 rr.
364 2480 436 2522 recta
452 2468 555 2522 locutio
572 2471 661 2541 :eonj.
676 2468 811 2536 clauum,-
828 2480 899 2523 recta
914 2489 920 2500 ·
937 2488 1006 2523 oiim.
1023 2469 1112 2523 codd.
1129 2477 1154 2521 et
1169 2467 1228 2522 edd.

303 2638 356 2702 aigu
366 2654 397 2687 ne
406 2654 431 2688 se
445 2647 492 2687 met
506 2653 548 2704 pes
561 2653 602 2687 sur
612 2635 755 2689 laderniire
766 2637 858 2704 syllebe
899 2636 1060 2701 llldialm.)
1082 2637 1152 2688 Cette
1168 2635 1306 2686 correction
1325 2651 1364 2685 me
1381 2635 1461 2701 paruit

303 2722 327 2762 et
343 2713 360 2762 il
372 2714 471 2764 conolut
487 2729 546 2778 que,
562 2714 623 2762 dans
642 2730 673 2763 un
692 2722 743 2763 mot
760 2715 790 2764 de
805 2713 857 2780 plu·
898 2712 947 2764 tries
962 2712 1088 2779 pluuible.

304 2787 380 2837 sieurs
392 2787 504 2853 syllabus.
520 2788 542 2837 la
552 2788 662 2837 derniere
670 2788 731 2838 u'est
743 2787 858 2854 marquie
932 2794 956 2838 6.
964 2816 997 2827 -
1005 2788 1167 2840 Turnebladh
1184 2791 1284 2855 (Qum.
1297 2789 1392 2853 Quint,
1400 2787 1460 2855 pu)

303 2861 406 2912 d'aucuu
426 2872 518 2912 arcent.
541 2862 579 2913 Cl.
597 2862 720 2913 claussen.
740 2863 747 2928 (
768 2867 857 2927 Qreaest.
900 2864 999 2915 rombet
1008 2867 1029 2914 Ιι
1039 2866 1179 2931 conjecture
1190 2865 1220 2915 de
1231 2866 1356 2916 Burmann
1364 2862 1461 2931 (depre-

305 2939 399 3001 Quint„
410 2956 437 3007 p.
455 2940 524 2999 325.)
901 2938 1034 3002 leodimus)
1045 2957 1075 2990 en
1086 2941 1228 3008 s'appuyent
1237 2957 1278 2990 sur
1287 2938 1410 2990 l¹eutorite
1418 2937 1461 2987 des

228 3081 229 3085 Ἰ
338 3014 513 3079 2.-l)'apres
523 3014 648 3074 Claussen,
662 3014 762 3063 uerit...
777 3024 859 3072 acum,
901 3015 1079 3065 Mes.etsuree
1090 3015 1256 3082 qu‘ilynune
1271 3015 1324 3066 idee
1337 3014 1368 3064 de
1377 3014 1460 3064 bllme

304 3089 345 3153 qui
355 3105 387 3139 ne
400 3105 426 3139 se
437 3099 523 3139 trouve
535 3106 577 3155 prs
596 3089 656 3138 dem
669 3089 861 3140 l'Ambrosianus
900 3092 960 3141 daus
976 3107 1016 3141 ces
1029 3099 1092 3141 mols
1104 3102 1161 3140 suut
1180 3093 1262 3154 etiam,
1278 3100 1341 3152 etc.;
1358 3091 1383 3155 je
1394 3090 1460 3139 crois

304 3165 451 3228 (1¹m)‚doit
458 3166 510 3215 etre
519 3164 657 3231 supprime'u
665 3165 716 3215 cela
723 3181 761 3213 me
769 3163 861 3213 semble
900 3165 959 3233 qu’il
969 3175 1005 3216 est
1017 3167 1077 3216 dans
1090 3167 1113 3216 le
1129 3167 1192 3229 νηὶ,
1203 3165 1332 3232 malgrlles
1343 3165 1460 3232 critiqnes

305 3243 415 3308 exegere.
430 3242 468 3294 Cl.
482 3244 533 3292 Cic.
541 3245 614 3292 Orat.
629 3245 668 3304 18,
681 3245 725 3301 53;
737 3242 857 3292 Clousseu
900 3241 931 3289 de
942 3241 1039 3291 Meister
1049 3242 1130 3305 (Anu.
1138 3241 1230 3312 ptttot.
1243 3240 1297 3292 ool.
1309 3245 1352 3302 85,
1365 3244 1425 3304 612)
1435 3250 1459 3291 et

304 3322 403 3382 (Quest.
415 3320 500 3382 Quint.
512 3335 555 3386 pp.
571 3321 619 3369 326
630 3327 653 3365 et
664 3321 733 3379 332);
747 3319 781 3367 les
791 3317 860 3368 theo·
901 3316 936 3366 les
948 3317 1071 3382 exemplos
1085 3316 1179 3368 ‹lonnis
1200 3333 1244 3384 par
1253 3318 1385 3368 Burmann.
1408 3317 1458 3381 (Cl.

304 3393 351 3442 ries
365 3393 394 3442 de
413 3393 532 3443 Maximus
543 3393 692 3455 Victorinus,
705 3393 736 3443 de
754 3392 859 3458 Sergius,
900 3389 990 3454 Seneq.
1003 3391 1066 3441 OEd.
1080 3395 1129 3442 315
1148 3410 1155 3454 ;
1172 3391 1251 3455 Stare,
1260 3392 1281 3453 l,
1291 3392 1370 3442 Theb.
1386 3395 1458 3456 516.)

303 3468 333 3515 de
350 3465 428 3515 Donat
439 3461 463 3515 et
481 3466 512 3514 de
526 3466 641 3516 Diomede
654 3476 709 3517 sont
723 3466 860 3517 conformer
900 3464 982 3526 Quint
993 3482 1023 3516 nu
1034 3483 1130 3534 passage
1141 3469 1172 3519 de
1185 3467 1320 3529 Quintilien
1333 3468 1353 3529 Ι,
1372 3471 1398 3529 5,
1415 3471 1457 3531 56,

306 3539 391 3589 icelle
403 3540 433 3590 de
447 3540 592 3601 Quinritien.
900 3541 954 3591 voir
963 3542 1103 3602 ci-deuous,
1119 3561 1145 3611 p.
1162 3548 1203 3595 ut.

337 3617 406 3662 1.-
421 3614 545 3676 claussen,
566 3615 707 3682 s'appuyunt
719 3632 760 3665 sur
782 3616 803 3665 le
818 3632 859 3665 ra·
937 3620 977 3666 11.
996 3645 1027 3654 -·
1047 3621 1132 3680 Recte,
1152 3618 1246 3685 d'apriu
1265 3616 1456 3684 Capperonnier,

304 3689 384 3739 rinnte
400 3688 564 3739 miotacismus
574 3689 670 3740 donnee
681 3708 724 3758 par
739 3691 860 3743 l'rlmbro·
900 3701 935 3742 est
946 3693 968 3742 la
981 3694 1120 3744 traduction
1134 3695 1164 3744 de
1178 3698 1325 3763 ὁρθοέπιια,
1340 3693 1458 3743 Claussen

305 3765 400 3827 siauus,
409 3774 434 3816 et
442 3766 466 3816 la
475 3766 652 3816 secondemain
660 3765 692 3815 ‹lu
701 3766 861 3833 bambergen·
901 3768 929 3830 (l.
945 3769 978 3831 o.)
997 3784 1100 3835 propose
1124 3770 1244 3837 d'ajouter
1259 3769 1352 3819 locutio
1368 3768 1411 3833 qui
1432 3782 1458 3816 se

304 3840 336 3890 sis
347 3839 476 3905 (nuxquels
486 3840 502 3888 il
516 3840 568 3890 leut
577 3843 671 3908 ajouter
682 3850 768 3906 quatre
780 3852 861 3893 autres
899 3851 985 3894 trouve
1004 3845 1058 3910 plus
1079 3846 1129 3895 loiu
1152 3847 1180 3910 (l,
1194 3851 1218 3908 6,
1231 3848 1273 3910 26)
1288 3861 1294 3896 :
1307 3865 1316 3891 ι
1328 3842 1392 3894 henr,
1404 3843 1458 3907 qui·

305 3915 384 3979 Mau),
407 3931 510 3982 propose
527 3915 630 3967 d'lcrire
649 3918 822 3980 ὶωτακισμοὸς
837 3926 860 3965 et
903 3937 913 3962 ιι
923 3919 978 3968 dem
988 3922 1133 3987 ὀρθοὲπειαν
1145 3922 1322 3988 solemputnnt,
1332 3933 1457 3985 quamego

305 3993 509 4055 uuruurouobcet
519 3993 861 4056 luoduxiouob<,troislautes
902 4016 914 4038 ιι
930 3995 1030 4046 minime
1046 3997 1164 4049 excludo.
1179 3997 1243 4060 Quid
1258 3998 1323 4047 enim
1343 4006 1393 4046 tem
1415 4010 1457 4043 ne·

304 4068 333 4115 de
341 4068 527 4133 pronunciatiou
536 4070 621 4132 queles
629 4069 861 4132 grammairiensont
903 4092 915 4114 ιι
935 4072 1064 4121 cessarium
1074 4089 1147 4138 quam
1158 4084 1224 4122 recta
1234 4073 1340 4124 locutio.³
1353 4092 1363 4117 ιι
1376 4076 1455 4119 Iocu-

304 4142 441 4193 l’lrabitude
452 4144 482 4192 de
491 4144 573 4192 riuuir
583 4161 643 4209 pour
653 4144 686 4192 les
696 4143 795 4193 blamer.
812 4143 859 4207 (Cl.
901 4147 945 4207 tio,
953 4148 994 4213 qui
1003 4156 1040 4197 ert
1048 4148 1070 4197 le
1079 4158 1154 4199 terme
1163 4158 1239 4211 exact,
1250 4165 1264 4197 a
1274 4165 1306 4213 pu
1313 4145 1457 4213 disparuitre

304 4218 428 4280 Diomede,
441 4237 465 4285 p.
478 4223 536 4280 153,
551 4224 576 4280 3,
593 4220 680 4279 Donat,
695 4236 720 4285 p.
738 4223 796 4281 392,
817 4223 860 4279 27;
900 4222 961 4271 daris
971 4223 1004 4272 les
1018 4223 1073 4273 Mes.
1088 4223 1247 4273 auterieursi
1259 4240 1319 4273 ceux
1332 4239 1380 4288 que
1394 4237 1458 4272 nous

305 4291 410 4352 Servius,
429 4297 487 4356 115,
504 4295 628 4356 uacuus,
644 4299 702 4357 286,
722 4294 862 4352 &Comen-
902 4295 1039 4362 possidens.
1052 4297 1185 4359 Quintilien
1198 4298 1289 4349 traduit
1302 4306 1403 4347 sous-ent
1414 4312 1457 4364 pur

305 4365 363 4428 tius,
380 4370 439 4427 391,
456 4370 482 4428 5,
496 4367 569 4428 neth·
580 4367 678 4432 lsidore,
692 4369 763 4436 Orig.
778 4369 797 4425 1,
814 4371 860 4429 313
902 4370 1019 4435 plusieurs
1037 4382 1101 4422 mots
1118 4374 1151 4423 les
1164 4383 1226 4424 mols
1241 4388 1308 4439 greca
1319 4370 1456 4439 cornpoees.

303 4439 435 4492 Martianus
453 4443 559 4509 Capella,
579 4441 609 4492 de
623 4443 690 4492 eret.
704 4461 757 4511 cap.
775 4446 821 4504 33,
836 4461 860 4509 p·
902 4445 941 4496 (Il.
952 4447 992 4510 Vl,
1008 4453 1028 4506 l,
1047 4453 1070 4498 1.
