3248 5340
464 508 569 599 lNS'l'.
594 508 778 564 ORATOR.
810 507 888 563 Llll.
915 506 941 571 1,
967 512 993 561 8.
1260 504 1306 553 tet

152 673 236 729 sunt
261 673 440 730 commata
471 659 701 732 sotadeorum
727 660 826 756 (nam
860 657 906 727 de
929 653 1085 726 sotadeis
1116 677 1161 722 ne
1190 650 1309 749 praeci·

154 777 325 874 piendum
338 777 484 875 quidem
503 779 569 875 est)
585 794 835 868 amoveantur,
849 777 877 848 si
898 774 973 845 lteri
989 787 1119 873 potest,
1138 772 1308 859 siminus,

152 912 248 968 certe
263 898 309 968 ad
329 896 466 970 firmius
483 900 593 976 aetatis
613 898 728 970 robur
740 909 987 980 reserventur,
1001 891 1205 974 Concordiae,
1229 915 1309 986 quae
1337 906 1353 963 7

152 1016 348 1115 plurimum
363 1018 530 1090 conferre
544 1018 590 1089 ad
606 1019 848 1116 eloquentiam
863 1030 994 1115 potest,
1009 1010 1093 1085 cum
1105 1037 1170 1110 per
1182 1035 1308 1082 onmes

109 1163 123 1206 s
151 1152 186 1207 et
204 1162 377 1235 personas
400 1153 435 1208 et
453 1137 605 1210 attectus
625 1152 694 1229 eat,
713 1162 820 1235 quern
845 1136 1004 1207 usumin
1026 1133 1147 1232 pueris
1168 1146 1304 1230 putem,

152 1256 261 1354 paulo
276 1272 359 1355 post
378 1283 444 1329 suo
459 1257 540 1329 loco
559 1258 677 1330 dicam
705 1287 713 1329 ι
737 1282 819 1329 nam
838 1258 922 1328 curri
944 1277 1061 1326 mores
1081 1253 1211 1323 intuto
1231 1251 1306 1322 lue-

151 1377 238 1464 rint,
260 1377 355 1447 inter
373 1378 553 1475 praecipua
574 1376 721 1473 legenda
739 1379 819 1449 erit.
846 1380 899 1446 De
920 1371 1118 1446 Menandro
1147 1370 1304 1468 loquor:

152 1523 218 1569 nec
237 1515 357 1570 tamen
384 1499 594 1571 excluserim
618 1500 716 1572 alios.
743 1505 830 1570 Nam
852 1497 954 1569 latini
974 1520 1120 1594 quoque
1143 1508 1307 1564 auctores
1336 1505 1354 1556 tt

151 1617 303 1690 asserent
324 1618 489 1691 utilitatis
512 1619 662 1716 aliquid.
688 1619 758 1691 Sed
779 1619 912 1717 pueris,
938 1641 1018 1715 quae
1042 1616 1195 1687 maxime
1214 1616 1308 1710 inge-

96 1766 123 1809 ιο
151 1740 250 1810 nium
268 1739 384 1826 alant,
402 1755 511 1836 atque
525 1726 687 1811 animum
713 1754 883 1835 augeant,
909 1735 1133 1836 praelegenda
1154 1735 1307 1806 :ceteris

191 2001 199 2033 1
223 1981 341 2037 sotadeis
359 2003 368 2037 :
387 1982 498 2054 quidam
517 1983 593 2038 codd.
614 1982 729 2053 ended,
746 1981 875 2036 sotadieis
891 1980 1031 2055 :plerique
1050 1981 1125 2034 codd.
1141 2010 1177 2020 -
1201 1997 1226 2048 7.
1237 1997 1306 2050 prce-

152 2073 234 2144 eipua
251 2090 257 2124 ε
275 2075 295 2124 Α
314 2073 441 2124 BNP'l'
456 2074 476 2124 F
491 2074 518 2125 11
532 2074 558 2141 S,
576 2091 659 2144 7727,
679 2073 839 2145 praeeipne:
859 2070 969 2144 quidam
984 2070 1049 2123 dett.
1065 2069 1153 2138 codd,
1179 2078 1206 2121 et
1222 2069 1306 2139 lens,

156 2162 247 2229 Tam,
266 2163 344 2222 Vera,
358 2158 453 2234 Spold.

157 2335 236 2401 locon,
255 2337 296 2401 qui
307 2346 399 2387 ressort
419 2337 582 2388 eridemment
601 2339 633 2388 du
648 2346 712 2389 teste
754 2338 799 2388 Les
818 2353 871 2388 vers
885 2338 1012 2389 sotadicus
1030 2336 1160 2405 pouvcient
1177 2352 1202 2386 se
1217 2336 1262 2386 lire
1278 2339 1308 2387 de

154 2411 195 2461 des
208 2413 264 2463 llss.
277 2413 308 2462 dc
322 2412 344 2461 le
362 2416 396 2464 1¹²
409 2413 495 2475 classe,
509 2430 548 2463 mc
556 2414 648 2464 semble
657 2413 712 2480 plus
752 2413 835 2465 droite
849 2415 863 2464 1
875 2413 969 2479 gsuche
986 2430 1018 2464 oo
1042 2412 1073 2462 de
1093 2413 1185 2479 geuthe
1203 2412 1308 2462 idroite

151 2488 309 2538 ronlormc'c
332 2488 355 2537 la
382 2488 502 2555 premiere
524 2489 601 2557 partie
621 2488 651 2538 dc
687 2490 710 2539 la
751 2506 782 2539 cn
792 2489 934 2556 presentant
942 2491 964 2541 lc
974 2491 1053 2540 meme
1061 2504 1156 2538 mesore
1166 2498 1189 2538 et
1199 2488 1309 2538 lemene

151 2565 247 2631 phrase,
263 2564 336 2615 sed...
350 2563 466 2633 elegeris,
481 2576 506 2618 et
522 2568 640 2634 l'opinion
652 2584 708 2635 per·
750 2582 814 2628 sens,
830 2582 862 2616 ou
880 2566 1030 2633 quelquelois
1045 2582 1078 2614 un
1100 2581 1155 2614 sens
1172 2565 1305 2615 contraire.

149 2643 259 2691 sonnelle
274 2642 304 2691 de
319 2640 455 2702 Quintttien
467 2660 482 2711 y
492 2653 528 2693 est
541 2644 605 2693 aussi
620 2643 708 2693 clairc-
750 2640 770 2690 ll
782 2641 841 2692 taut
859 2642 923 2692 donc
942 2650 1069 2692 remonter
1086 2640 1184 2706 jusqu’l
1206 2639 1308 2690 Sotades

149 2727 216 2768 ment
226 2718 307 2783 (sinon
319 2718 371 2784 plus
384 2718 526 2784 lortemcnt)
541 2718 708 2784 indiqueeque
749 2732 811 2782 pour
827 2726 927 2768 trouver
950 2717 1063 2784 l'origine
1086 2716 1116 2766 de
1133 2732 1162 2765 ce
1184 2731 1257 2782 genre
1277 2717 1308 2764 de

151 2791 211 2841 dans
226 2794 248 2842 le
270 2794 338 2859 lecon
354 2794 462 2859 vulgaire
474 2791 558 2844 nolim.
749 2808 802 2842 vers
812 2792 911 2860 appelles
924 2794 1042 2859 reciproci
1065 2809 1096 2841 ou
1111 2801 1263 2841 recurrentes
1275 2807 1306 2841 on

187 2871 210 2916 1.
233 2870 360 2916 Commota
370 2867 535 2918 sotadeorum.
550 2874 642 2917 —Les
651 2867 709 2917 lien·
749 2883 839 2918 encore
859 2866 1032 2935 retrogradum
1057 2884 1166 2929 carmen,
1186 2867 1228 2931 qui
1241 2884 1254 2917 e
1268 2866 1307 2917 etti

149 2939 330 3008 dccosyllcbes,
352 2942 393 3009 qui
413 2953 468 2990 sort
480 2942 523 2992 des
538 2960 655 3006 conpmes
677 2942 708 2992 de
749 2941 798 2991 tort
808 2941 900 2993 cultire
911 2958 941 2991 au
949 2959 1036 3008 moyen
1044 2944 1097 3008 ige,
1108 2941 1170 2991 ainsi
1180 2942 1307 3006 quebenu·

151 3032 206 3064 vers
223 3015 360 3064 sorodecrrs.
376 3043 410 3052 —
429 3017 521 3067 L'eblse
535 3019 565 3067 de
579 3018 642 3067 Pure
658 3027 708 3068 tra·
748 3033 812 3083 eoup
823 3017 929 3067 d'autres
940 3033 1039 3082 gentes,
1057 3033 1087 3066 au
1099 3017 1178 3066 moins
1192 3016 1305 3067 bircrres.

150 3090 218 3140 duit:
236 3095 279 3138 Les
292 3087 505 3161 Ende'cosyllcbcs
519 3092 541 3141 si
554 3090 654 3158 remplis
665 3091 707 3142 des
749 3094 787 3141 un
802 3102 889 3142 trouve
907 3093 938 3142 de
947 3092 998 3142 tres
1010 3091 1109 3142 curieux
1128 3091 1265 3156 spkcimens
1277 3093 1306 3141 de

151 3161 253 3213 liberte:
261 3163 302 3214 des
312 3164 651 3218 s·erssotcde'crrs.-L'ablse
659 3168 707 3219 Gei-
748 3183 775 3216 ce
788 3167 964 3235 gotltdeprsve
980 3166 1040 3216 dens
1053 3183 1086 3216 nn
1102 3165 1177 3231 grand
1203 3168 1306 3216 nombre

150 3238 214 3304 doyu
227 3253 233 3289 :
247 3243 289 3289 Lcs
299 3238 528 3300 hendecasyllabo,
538 3243 569 3292 cii
582 3240 603 3291 il
613 3241 707 3309 yades
748 3242 778 3292 dc
787 3243 843 3293 llss.
857 3243 889 3293 du
899 3243 1005 3293 disteme
1013 3258 1044 3291 su
1053 3241 1217 3307 quetorziemc
1224 3241 1305 3292 siecle.

150 3310 707 3383 borrtsdcrerssotcde'errs.-Commasigni-
748 3345 776 3357 -
795 3318 833 3369 Cl.
847 3317 1042 3386 Cspperonnier,
1057 3317 1103 3368 Ed.
1123 3315 1208 3377 Quint.
1223 3334 1248 3383 p.
1262 3321 1304 3368 62.

150 3389 443 3441 lleexrctementce'sure.
459 3393 551 3444 Gesner
563 3393 607 3442 leit
617 3409 707 3444 remm-
747 3409 774 3442 n.
786 3397 828 3444 25.
840 3422 866 3433 -
882 3416 895 3440 e
915 3394 1005 3444 Versus
1022 3392 1123 3444 sotadici
1137 3392 1235 3443 crebras
1262 3391 1306 3442 hs·

149 3481 209 3529 quer
223 3465 283 3531 qu'il
298 3467 339 3533 n'y
354 3485 368 3517 a
384 3485 426 3534 pes
439 3484 488 3533 que
504 3469 538 3519 les
553 3468 708 3536 hendecasyl·
750 3491 762 3514 «
781 3469 959 3531 lienteesurss,
971 3479 996 3520 et
1006 3471 1032 3519 iu
1045 3486 1086 3521 sus
1099 3468 1199 3535 vestigia
1213 3479 1306 3519 retror-

150 3540 217 3590 lnbes
229 3543 271 3606 qui
284 3543 351 3593 aient
362 3544 404 3593 des
416 3543 512 3594 obseres
527 3548 567 3609 (ou
576 3545 706 3610 conpares)
748 3566 761 3590 α
785 3562 839 3595 sum
854 3555 984 3597 recurrunt
1009 3547 1168 3613 efficiuntque
1189 3546 1226 3595 vel
1241 3546 1306 3596 idem

149 3616 180 3664 de
194 3632 247 3666 vers
260 3617 387 3668 sotadicus
404 3628 428 3668 et
440 3619 458 3668 il
479 3636 581 3686 propose
594 3621 624 3670 de
638 3621 704 3672 lire:
749 3642 761 3665 α
780 3620 1254 3688 carminisgenusveldisersum...Snnt
1263 3621 1305 3671 elii

149 3702 172 3738 er
180 3691 264 3762 quibus
272 3705 330 3743 surr!
341 3707 460 3744 commoto
468 3694 632 3756 sotadeorum,
641 3705 707 3746 texte
750 3717 760 3743 c
780 3713 963 3763 quoqueversus
977 3696 1080 3747 sotadici
1089 3698 1207 3747 trochaici
1220 3708 1306 3746 ocuto-

149 3768 235 3832 quise
258 3779 342 3820 trouve
355 3770 478 3821 d'silleurs
495 3772 556 3821 dens
575 3771 597 3821 le
614 3772 659 3822 lls.
676 3771 707 3821 de
748 3794 760 3817 ει
780 3770 849 3836 lecti,
870 3772 896 3824 hi
920 3789 994 3840 porro
1017 3789 1101 3824 omnes
1122 3790 1161 3823 res
1181 3773 1306 3823 obscenas

151 3843 257 3894 laurent
272 3846 339 3896 Vella
353 3857 378 3896 et
392 3847 453 3897 dans
467 3847 502 3897 les
512 3847 619 3898 editions
633 3847 707 3898 citees
747 3869 761 3892 α
777 3857 893 3899 trectsnt.
907 3848 1045 3900 Tunnlssrr.

149 3918 428 3985 plushnut(l'oriecres,
443 3924 528 3987 lt).-
535 3921 706 3981 Sotadeusur·
782 3926 807 3972 t.
822 3923 950 3993 Praecipua
969 3922 1086 3991 legendo.
1101 3924 1211 3975 -Cette
1223 3924 1302 3990 locon,

148 3995 246 4046 nomme
260 3995 390 4064 croadas,
402 3999 472 4064 poete
483 4015 548 4065 grec,
562 3995 619 4061 (lll⁸
634 3997 707 4048 siecle
746 3998 842 4065 d'spres
855 3997 958 4054 Pottier.
968 4008 1003 4049 est
1013 3998 1151 4066 preferable
1161 4000 1306 4068 iprecipue

148 4086 186 4119 av.
202 4071 280 4137 1.·0.)
301 4074 404 4140 s’scquit
417 4091 465 4125 une
483 4075 553 4124 triste
566 4074 705 4142 reputetion
746 4072 865 4141 legenda,
887 4091 929 4125 cer
957 4075 1062 4125 l'nutcur
1084 4074 1257 4125 recommendo
1281 4076 1304 4126 ls

149 4145 706 4216 perlnlicencedesespoemeserotiqnesetde
746 4149 841 4201 lecture
862 4150 905 4201 des
926 4150 1050 4216 comiques
1075 4167 1170 4201 comme
1191 4150 1241 4199 l‘un
1262 4151 1305 4201 des

148 4235 184 4268 ses
198 4221 480 4285 serires-Quintium
501 4234 598 4276 mentre
612 4225 703 4290 (lxm,
746 4240 850 4292 movens
863 4227 886 4276 ls
909 4227 963 4292 plus
983 4243 1072 4293 propre
1093 4227 1107 4275 i
1126 4228 1218 4277 tormer
1235 4227 1303 4278 l'elo·

149 4294 399 4364 90)qu'onpeutlsire
408 4317 440 4349 uu
449 4299 563 4349 sotoele'en
572 4318 603 4350 en
611 4311 706 4351 retour·
746 4302 894 4366 quencelcl.
904 4302 937 4364 11,
952 4302 1304 4373 l,t15)‚tcndisqueprecipoc

148 4379 208 4418 naut
227 4388 259 4419 un
271 4374 363 4422 certain
373 4373 514 4426 hexametre
533 4377 576 4442 qui
594 4376 706 4442 presente
746 4392 778 4425 ne
789 4376 869 4427 lcitde
875 4386 939 4428 cette
945 4378 1036 4428 lecture
1046 4378 1122 4444 qu'un
1130 4378 1198 4443 objet
1207 4378 1304 4430 ‹t‘etude

150 4444 362 4499 alternativement
376 4450 399 4500 le
411 4451 506 4518 dactyle
518 4461 542 4502 et
552 4452 574 4501 lc
587 4451 703 4518 spondeo.
749 4453 899 4516 secondaire,
914 4453 994 4520 plutot
1004 4453 1301 4522 utilequ‘indispensable.
