3248 5340
656 494 855 550 APPENDIX.
1262 513 1335 554 cura

180 642 325 697 autoribus
346 653 508 696 memoratas
521 644 678 714 exposuisse
697 644 823 697 satisest.
846 645 974 716 Persequi
991 645 1103 716 quidem
1128 646 1203 719 quod
1216 648 1334 720 quisque

182 750 302 803 unquam
319 729 359 784 rei
371 733 669 803 contemptissimorum
684 730 828 785 bominmn
843 732 952 803 dixerit,
971 745 1017 787 aut
1033 735 1123 788 nimiae
1138 736 1261 806 auserim,
1287 750 1335 791 aut
1372 756 1420 791 cun
1431 756 1498 790 nimo.

182 822 269 873 inanis
279 819 418 892 jactantia·
432 831 481 892 est,
498 833 524 874 et
544 820 649 874 detinet
671 832 754 892 atque
768 821 862 877 obruit
879 823 989 893 ingenia
1010 822 1106 878 meiius
1120 823 1181 877 attis
1194 836 1331 879 vacatura.

181 910 281 981 [ar.]...
297 912 337 963 Er
353 929 409 982 quo
424 909 490 963 mibi
504 911 575 963 inter
589 911 705 963 virtutes
718 912 886 980 grannnntiei
903 911 1049 966 habebitur
1067 912 1157 986 aliqua
1174 914 1288 970 nescire.
1382 907 1486 987 „322ss

655 1120 693 1172 Ex
712 1120 814 1174 cona
834 1120 870 1172 X.

217 1296 302 1370 [ῑ,]..
316 1298 373 1367 Ego
385 1298 505 1368 primum
522 1297 574 1349 boe
588 1298 739 1369 respondeo
751 1296 828 1370 quod
841 1308 868 1350 et
885 1298 923 1351 M.
941 1298 1038 1351 Cicero
1052 1299 1155 1371 scripto
1169 1298 1203 1352 ad
1217 1300 1332 1354 Brutum
1352 1298 1513 1387 ongffi‘m

182 1386 253 1439 libro
276 1385 432 1458 frequenter
453 1396 577 1451 testatur,
603 1404 658 1439 uon
680 1404 742 1440 eum
757 1404 772 1439 a
787 1385 868 1439 nobis
881 1387 987 1440 institui
1006 1401 1144 1441 oratorem
1161 1389 1269 1459 quirit,
1287 1400 1334 1442 aut

182 1475 265 1529 suerit
287 1494 294 1529 :
314 1475 361 1528 sed
378 1476 522 1546 imaginem
544 1475 690 1547 quamdam
715 1477 872 1548 concepisse
897 1494 946 1529 nos
964 1477 1058 1529 arrirnn
1079 1476 1193 1550 perfecti
1211 1476 1285 1531 iilius
1300 1497 1334 1531 ex

182 1564 256 1619 nuda
271 1575 348 1637 parte
360 1566 498 1618 cessantis.
517 1563 569 1638 {5.]
583 1567 650 1618 Nam
664 1576 691 1618 et
703 1567 852 1638 sapientem
866 1563 1017 1619 formantes
1032 1584 1095 1620 eum
1110 1568 1157 1638 qni
1175 1568 1210 1620 sit
1224 1566 1335 1621 iuturus
1395 1576 1472 1617 ιιιῖοιι

180 1666 386 1709 consummatus
411 1654 543 1726 undique,
567 1666 603 1725 et,
624 1665 652 1708 ιιι
673 1653 780 1725 dieunt,
806 1654 928 1707 mortalis
943 1654 1056 1727 quidam
1071 1657 1155 1726 Dens,
1177 1672 1232 1707 oon
1250 1653 1334 1707 modo
1359 1622 1506 1657 ”mim

181 1746 337 1816 cognitione
352 1744 500 1798 celestium
516 1743 555 1796 rel
571 1743 728 1798 mortalium
741 1753 839 1817 putant
855 1743 1066 1811 instituendum,
1079 1743 1127 1797 sed
1140 1762 1190 1817 per
1208 1743 1334 1816 (piendam

181 1847 263 1901 parra
281 1848 355 1897 sane,
370 1831 392 1882 si
406 1830 464 1901 ipsa
474 1828 585 1882 denium
601 1831 727 1901 estimes,
744 1828 860 1884 ducunt.
1375 1826 1491 1915 ffiffl

217 1916 299 1992 [6.]...
314 1918 371 1971 Nisi
388 1917 460 1971 sorte
474 1917 629 1971 antidotum
643 1918 754 1990 quidem
770 1929 853 1992 atque
862 1918 915 1972 alia
926 1937 987 1991 quae
1000 1918 1103 1973 morbis
1114 1928 1162 1972 aut
1173 1918 1333 1974 rubreribus

181 2006 334 2071 medentur,
352 2026 386 2061 ex
402 2006 504 2078 multis,
522 2018 604 2080 atque
626 2008 736 2061 interim
754 2009 899 2061 contrariis
915 2026 1027 2080 qrroque
1042 2010 1113 2062 iuter
1132 2027 1162 2061 se
1174 2008 1330 2076 effectibus,
1356 1990 1508 2077 iiffiffii'fi':

179 2098 307 2170 componi
322 2096 453 2166 ridemus,
468 2114 586 2169 epiorum
600 2116 633 2149 ex
647 2096 759 2151 diversis
772 2096 802 2149 srt
815 2097 860 2150 ἰΙΙιι
876 2098 989 2151 mistura
1002 2116 1066 2169 uua,
1080 2115 1142 2169 quae
1154 2097 1223 2152 nulii
1234 2116 1329 2152 earum

179 2185 276 2239 sirudis
294 2197 334 2239 est
349 2185 450 2257 quibus
464 2196 581 2255 constat,
600 2186 646 2239 sed
665 2187 790 2259 proprias
811 2188 880 2240 vires
896 2203 927 2242 ex
951 2186 1081 2240 ornuibus
1094 2188 1179 2240 sumit
1203 2205 1210 2241 :
1233 2188 1282 2259 [7.]
1303 2200 1331 2242 et

180 2286 254 2328 meua
265 2274 390 2328 animabo
402 2274 488 2327 meliis
498 2274 576 2327 iilum
590 2273 779 2329 inimitabilem
792 2275 918 2329 humanae
931 2277 1031 2329 rationi
1046 2294 1184 2348 saporem,
1201 2278 1275 2330 vario
1287 2278 1333 2331 sso-
1400 2288 1463 2324 ιιοιι».

180 2382 241 2417 rum
257 2382 289 2417 ac
303 2382 448 2417 suecorum
464 2382 562 2433 genere
579 2364 746 2438 perficiunt:
763 2384 812 2419 nos
827 2365 999 2435 mirabimur,
1021 2366 1043 2418 si
1064 2366 1162 2436 oratio,
1184 2384 1238 2438 qua
1262 2367 1331 2420 nibil
1359 2374 1505 2409 canonum

181 2455 353 2526 praestantius
363 2452 467 2506 bomini
481 2453 555 2506 dedit
567 2453 750 2523 Providentia,
760 2454 887 2526 pluribus
897 2454 1003 2508 artibus
1009 2465 1069 2525 eget
1084 2472 1090 2508 :
1104 2473 1165 2527 quae
1175 2457 1257 2509 etiarn
1268 2474 1331 2509 eum
1392 2472 1480 2505 uuam.

180 2562 208 2595 se
219 2561 273 2595 oon
287 2541 436 2595 erstendunt
448 2543 474 2594 in
486 2541 612 2611 dicendo,
626 2561 676 2595 uec
687 2542 841 2614 proferunt,
856 2544 910 2597 rim
923 2555 1013 2598 tamen
1024 2543 1160 2598 oeeutum
1171 2556 1328 2616 suggerunt,
1361 2517 1444 2550 *imm
1453 2521 1503 2560 ‘m

180 2635 207 2686 et
214 2633 295 2685 tacite
303 2650 414 2703 quoque
422 2633 588 2684 sentiuntur.
601 2632 653 2702 [8.]
665 2653 675 2681 r
689 2633 748 2685 Fuit
759 2631 858 2706 aliquis
871 2634 929 2686 sine
943 2633 985 2687 bis
996 2632 1134 2686 disertus»
1148 2651 1154 2685 :
1168 2645 1196 2687 at
1208 2652 1332 2704 egoora-
1352 2642 1436 2676 nacon·
1445 2646 1513 2676 oneo.

181 2735 267 2774 torem
276 2719 348 2773 roio.
364 2741 375 2769 ι
387 2722 448 2773 Non
458 2719 575 2773 muitum
583 2719 716 2791 adjiciunt
730 2742 740 2770 ι
754 2721 801 2774 sed
814 2740 956 2794 aquenon
969 2724 1021 2776 erit
1035 2732 1124 2776 totum
1139 2722 1186 2775 eui
1199 2722 1239 2775 rei
1252 2741 1333 2796 parra

179 2810 294 2864 deerunt
314 2827 320 2862 :
336 2820 362 2862 et
379 2809 515 2882 optiumm
529 2809 640 2881 (pridem
656 2809 707 2862 boe
724 2829 780 2864 esse
799 2812 942 2865 conveniet
961 2811 1061 2884 :eujus
1077 2812 1183 2864 etiamsi
1199 2811 1226 2864 in
1246 2812 1333 2865 arduo
1401 2874 1469 2911 om

180 2918 240 2970 alies
252 2911 303 2965 est,
319 2916 369 2950 nos
384 2908 473 2951 tamen
491 2899 680 2971 praecipiamus
695 2900 798 2969 omnia,
811 2915 841 2952 ut
857 2900 950 2954 saitem
964 2899 1043 2971 piura
1056 2901 1130 2955 [iant.
1148 2900 1200 2953 Sed
1220 2918 1270 2954 eur
1287 2900 1335 2954 de·
1368 2921 1494 2963 pentuma..

71 3018 76 3029 ·
115 3018 134 3030 ..
181 2987 253 3041 ficiat
264 2989 505 3041 animustb‘atnra
516 2988 526 3057 11
543 2988 616 3040 errim
630 2986 781 3060 perfeetum
794 3003 930 3042 oratorem
945 3008 1002 3043 esse
1019 3008 1076 3042 non
1089 2988 1227 3062 probibet,
1242 2992 1332 3063 turpi·
1365 2974 1505 3060 ,ιιψῖῖῗῖήη

183 3088 279 3149 terque
294 3078 454 3149 desperatur
471 3076 604 3148 quiequid
621 3077 679 3129 fieri
694 3088 794 3149 potest.

216 3165 283 3237 [ab]
299 3169 365 3219 Fam
390 3166 531 3234 (musicen)
548 3176 645 3219 natura
664 3167 720 3238 ipsa
743 3165 851 3220 ridetur
869 3165 903 3219 ad
922 3164 1079 3219 tolerandos
1102 3165 1210 3221 saeiiius
1227 3166 1333 3220 labores
1365 3180 1498 3219 nasamone

180 3255 254 3309 reiut
270 3256 375 3308 muneri
395 3256 474 3307 nobis
490 3255 630 3311 dedisse...

1385 3331 1474 3369 meeum

215 3346 317 3417 [30.]...
339 3345 399 3397 Non
417 3354 457 3397 est
474 3343 702 3398 eomuritterubnn
720 3356 749 3398 ut
773 3343 1025 3398 andabatarum
1041 3343 1210 3399 defensionis
1228 3344 1329 3398 solliei-
1392 3378 1472 3413 „mmm

179 3431 284 3487 tudine.
1389 3423 1474 3459 ’ΜΨ

642 3578 681 3630 ux
700 3578 800 3631 Caetra
820 3578 868 3632 xl.

214 3756 297 3827 ¹2...]
320 3757 374 3809 Nee
389 3756 499 3821 arnoris,
517 3756 644 3821 avaritia,
665 3766 753 3808 metus
774 3754 860 3808 discat
874 3755 1026 3809 aeffectum:
1049 3774 1110 3827 qun
1125 3774 1214 3827 neque
1228 3757 1330 3808 oratori
1366 3746 1492 3825 Qffoffi‘p‘f'ff'

178 3856 242 3898 suut
257 3847 414 3910 necessaria,
431 3856 458 3898 et
476 3856 602 3907 mentem,
618 3847 754 3918 praecipue
767 3846 794 3896 iu
807 3855 885 3897 atate
897 3845 984 3915 prima
1000 3856 1119 3897 teneram
1135 3843 1226 3898 adbuc
1237 3855 1262 3896 et
1284 3862 1331 3897 ru·
1388 3834 1477 3869 mmm·

177 3934 239 3987 dem
257 3935 393 3989 iniiciunt.
411 3934 459 4007 [3.]
480 3934 550 3988 Nam
568 3934 696 4005 frequens
710 3934 826 3986 imitatio
839 3935 936 3986 transit
952 3934 978 3985 in
995 3951 1116 3986 mores...
1134 3933 1160 3984 Si
1177 3950 1230 4004 qua
1244 3933 1271 3985 iu
1289 3932 1331 3984 bis
1383 3918 1477 3996 iffi&

177 4040 220 4076 ars
231 4035 272 4077 est
285 4024 446 4085 direntium,
463 4043 493 4076 ea
508 4025 595 4094 prima
613 4034 651 4075 est
666 4041 699 4075 ne
712 4041 755 4075 ars
770 4040 826 4075 esse
841 4022 973 4075 rideatur.
1369 4023 1492 4103 mm?

214 4113 262 4185 [8.]
274 4115 391 4181 Quoties
402 4111 609 4166 ereiamaudum
625 4113 686 4181 erit,
699 4111 813 4165 laterum
825 4122 940 4164 conatus
950 4112 993 4179 sit,
1005 4128 1060 4163 non
1071 4110 1176 4181 eapitis.
1188 4110 1287 4162 Gestus
1296 4109 1330 4163 ad
1382 4128 1501 4207 amima*

1359 4184 1391 4208 [1¹¹-
1469 4184 1474 4206 Ι

178 4220 280 4267 secem,
293 4202 384 4256 rtdtus
394 4202 427 4255 ad
441 4213 546 4273 gestum
562 4199 796 4254 accommodatur.
1376 4227 1414 4252 non
1423 4218 1489 4259 αψιιι».

213 4292 280 4362 {ro}
299 4294 383 4345 Frons
398 4292 525 4364 pluribus
541 4291 687 4361 generibus
697 4300 828 4362 peccat...
1364 4280 1497 4371 ⁰“‡‡¹JJ⁰⁸

213 4381 236 4450 [ι
245 4401 254 4434 ι
263 4383 314 4452 ‚.].
333 4382 405 4434 Nibii
424 4393 512 4454 potest
525 4380 631 4453 piaeere
642 4378 717 4450 quod
730 4397 784 4431 uon
795 4378 882 4431 decet.
1377 4390 1483 4476 dmm

213 4468 316 4541 ζὴ...]
332 4472 463 4542 Corporis
475 4488 541 4523 eura
556 4479 673 4522 urentem
692 4469 882 4521 obruerunt...
1359 4490 1500 4531 mmmmm
