3248 5340
298 525 334 574 98
646 519 685 573 Μ.
710 519 800 574 Fau.
824 515 1105 590 QUlN'llLlANl

301 695 367 742 nec
386 671 441 742 lex
460 685 512 742 est
527 669 713 768 loquendi,
732 668 796 740 sed
814 667 1030 754 observatio,
1060 683 1099 739 ut
1117 667 1231 765 ipsam
1253 664 1464 760 analogiam

233 804 269 862 tr
299 790 398 862 nulla
417 815 473 862 res
486 790 555 860 alia
572 790 697 862 lecerit
714 814 824 888 quam
838 788 1076 861 consuetudo.
1094 786 1271 858 lnlraerent
1283 801 1410 857 tamen
1426 786 1464 857 ei

298 910 446 1007 quidam
473 909 717 982 molestissima
738 910 928 1006 diligentiae
942 909 1186 1007 perversitate,
1217 922 1257 978 ut
1274 905 1465 978 audaciter

300 1031 419 1129 potius
439 1030 562 1103 dicant
585 1040 694 1128 quam
714 1028 895 1116 utulucter,
921 1028 1006 1100 lices
1023 1053 1149 1100 omnes
1169 1042 1327 1098 oratores
1354 1025 1459 1098 aliud

298 1167 506 1248 sequantur,
530 1164 566 1221 et
587 1152 758 1236 enu'curit,
780 1175 856 1221 non
877 1151 1027 1234 emicuit,
1047 1164 1083 1220 et
1098 1155 1226 1233 conire,
1245 1172 1321 1219 non
1340 1149 1457 1222 coire.
1503 1176 1518 1218 s

297 1271 358 1341 llis
372 1272 620 1368 permittamus
634 1285 669 1342 et
682 1269 852 1341 uudt'risse
865 1284 902 1340 et
912 1271 1050 1341 scivisse
1071 1283 1107 1340 et
1125 1268 1300 1339 tribunale
1309 1282 1346 1339 et
1359 1268 1460 1355 suci-

296 1391 375 1461 lr‘tcr
385 1391 505 1463 dicere
517 1418 524 1461 :
532 1390 688 1490 frugalis
698 1414 845 1489 quoque
859 1391 906 1462 sit
919 1389 1017 1487 apud
1035 1389 1128 1473 illos,
1144 1414 1218 1460 non
1228 1390 1347 1487 fruge}
1366 1413 1456 1461 nam

229 1521 267 1582 18
294 1537 368 1608 quo
393 1511 463 1583 alio
483 1511 593 1583 modo
614 1511 675 1583 liet
690 1511 902 1610 frugalitas?
916 1509 1029 1582 lidem
1048 1526 1186 1581 centurn
1205 1509 1317 1579 mellea
1338 1535 1455 1581 num·

294 1657 391 1702 uuun
410 1646 445 1702 et
455 1632 574 1725 fidem
600 1637 716 1702 Deum
736 1631 930 1704 ostendant
944 1630 1105 1729 duplices
1129 1654 1276 1728 quoque
1294 1629 1461 1702 soloeois-

294 1777 372 1824 mos
384 1777 473 1844 esse,
490 1751 638 1850 quando
652 1767 689 1823 et
700 1776 821 1823 casum
837 1765 979 1823 mutant
992 1766 1228 1822 etnumerum
1247 1750 1463 1823 :nescieba-
1493 1785 1520 1829 ιο

294 1873 480 1944 musenim
495 1897 537 1944 ac
554 1897 629 1943 non
643 1870 896 1944 consuetudini
911 1885 945 1942 et
956 1869 1080 1942 decori
1095 1868 1353 1961 serviebamus,
1363 1871 1462 1943 sicut

293 1993 327 2063 in
341 1992 518 2090 plurimis,
534 2017 612 2090 quae
624 1995 669 2063 Μ.
684 1992 864 2063 Tulliusin
880 1995 1033 2062 Oratore
1043 1990 1176 2077 divine,
1190 2006 1229 2062 ut
1243 1991 1381 2080 omnia,
1393 2017 1461 2062 ex·

228 2122 266 2181 tu
292 2113 464 2208 sequitur.
487 2112 556 2184 Sed
574 2119 751 2208 Augustus
773 2134 922 2209 quoque
945 2112 983 2182 in
1012 2110 1172 2208 epistulis
1197 2110 1243 2181 ad
1264 2114 1304 2181 C.
1335 2115 1455 2182 Caesa·

292 2256 369 2303 rem
383 2233 522 2330 scriptis
537 2231 718 2318 emendat,
734 2232 833 2329 quod
846 2233 874 2303 is
884 2229 1038 2302 culidtun
1048 2230 1168 2302 dicere
1181 2256 1291 2328 quam
1306 2231 1456 2302 eoldum.

329 2474 352 2506 a.
371 2461 462 2505 tamen
477 2453 503 2505 ei
522 2451 635 2524 quidam
654 2468 661 2504 t
677 2450 817 2523 A,!1alur3
838 2461 929 2506 tamen
950 2451 1061 2524 quidam
1083 2471 1089 2508 :
1108 2461 1171 2506 cett.
1194 2450 1270 2506 codd.
1294 2460 1322 2504 et
1334 2450 1397 2507 edd.
1416 2482 1454 2493 -

293 2543 318 2594 8.
342 2540 388 2594 fiet
414 2561 420 2597 z
444 2539 541 2615 pleriq.
565 2541 653 2612 codd.3
681 2541 726 2593 fiat
748 2559 755 2595 :
781 2551 848 2596 vett.
867 2540 927 2595 edd.
952 2571 988 2582 -
1013 2541 1089 2594 Idem
1110 2557 1116 2594 :
1138 2543 1159 2594 B
1179 2542 1217 2613 N3
1243 2542 1309 2594 item
1334 2559 1343 2595 ε
1364 2543 1395 2596 Ρ.
1419 2570 1457 2583 -·

292 2650 320 2700 9.
341 2629 491 2683 ostendunt
504 2646 511 2682 ε
526 2632 559 2699 1²3
577 2628 748 2703 -duplices
762 2648 875 2701 quoque
891 2649 897 2685 :
914 2634 935 2685 B
948 2632 972 2683 N
987 2633 1007 2684 P
1020 2629 1081 2683 Alrn
1094 2629 1177 2700 Bodl,
1195 2633 1300 2703 Caum,
1322 2629 1450 2700 Medion,

292 2716 368 2786 Aut,
381 2718 448 2774 llud.
463 2749 497 2760 -
516 2738 556 2774 ιι.
568 2736 630 2790 quse
643 2720 681 2773 ll.
699 2737 705 2773 ε
724 2721 759 2789 A3
776 2737 857 2791 quern
873 2719 983 2773 Tullius
999 2738 1005 2774 :
1021 2721 1042 2771 B
1057 2721 1079 2772 Α
1095 2740 1121 2775 2.
1133 2750 1168 2760 -
1180 2726 1222 2784 14'·
1234 2718 1362 2772 emendat
1375 2720 1455 2792 quod

293 2807 317 2860 is
339 2805 491 2862 calidum...
519 2806 595 2861 rnalit
623 2822 630 2858 ε
652 2809 674 2860 Ε
696 2807 737 2878 K3
758 2807 929 2862 emendatius
947 2807 1102 2862 calidum...
1118 2807 1222 2861 mavult
1246 2824 1253 2861 ε
1271 2809 1307 2876 H,
1328 2807 1454 2875 Medtot.;

293 2895 454 2949 emendatus
472 2896 652 2967 (emendatur)
670 2895 746 2968 quod
764 2896 919 2954 calidum...
942 2896 1019 2950 malit
1036 2914 1041 2950 :
1064 2899 1097 2964 Q.

328 3109 353 3156 3.
379 3104 525 3156 Audacter.
552 3134 586 3144 -
612 3105 708 3174 ll'epriss
730 3106 850 3167 Priscian,
895 3129 907 3151 ιι
914 3105 1039 3173 judicasse
1053 3116 1144 3170 retunt,
1155 3105 1339 3171 uouissejubent
1348 3115 1374 3156 et
1377 3106 1454 3175 judi·

293 3181 392 3246 Gruter,
400 3181 518 3245 Graevius,
529 3181 697 3233 Gronoviuset
706 3192 798 3246 autres,
808 3199 851 3230 ιιιι·
895 3204 906 3227 ιι
924 3183 1032 3231 cavisse?
1042 3183 1115 3245 Quasi
1127 3198 1184 3233 vero
1200 3181 1335 3232 nesciamus
1353 3182 1379 3232 iu
1402 3182 1453 3234 hoe

293 3256 389 3307 duriter
402 3274 427 3308 se
441 3258 573 3308 trouvereit
588 3258 647 3307 dans
661 3256 777 3318 Selluste,
790 3258 850 3307 dans
895 3280 906 3303 ιι
917 3274 1004 3323 genere
1018 3267 1043 3308 et
1052 3257 1151 3324 plenum
1164 3259 1265 3310 verbnm
1279 3266 1345 3308 recte
1358 3258 1409 3310 dici
1426 3269 1452 3310 et

294 3332 407 3395 Ciceron,
426 3333 487 3383 dans
498 3333 635 3394 Tite-live,
650 3333 710 3383 dem
727 3333 849 3399 seneque,
894 3358 905 3378 ιι
919 3334 1076 3384 imminutum
1094 3334 1219 3384 usitate.»

294 3416 352 3469 ete,
367 3407 444 3457 surla
454 3407 486 3457 loi
498 3408 541 3457 des
550 3408 608 3458 Mss.
622 3409 658 3459 les
670 3408 725 3476 plus
734 3409 849 3471 suricum
929 3414 968 3460 12.
983 3413 1020 3459 Μ.
1040 3408 1146 3460 Tullius.
1155 3437 1186 3449 -
1198 3408 1235 3460 Cs.
1253 3408 1322 3460 Oret.
1335 3413 1377 3470 to,
1390 3413 1450 3462 155.

294 3482 428 3547 rependent
449 3481 546 3532 Frei'snd
575 3483 660 3548 rejette
685 3493 750 3535 cette
772 3483 851 3534 forme
928 3489 968 3536 ll.
986 3484 1116 3536 Emendat.
1139 3486 1272 3552 -anpt
1285 3485 1341 3549 (Ed.
1360 3486 1448 3552 Spald.

294 3556 389 3620 d'epres
398 3555 519 3605 l'autorite
528 3558 558 3606 de
570 3556 716 3618 Quintilien.
732 3559 769 3609 Cf.
781 3559 848 3610 cna·
892 3572 909 3612 t.
921 3562 987 3628 ll,p.
1000 3563 1040 3625 tl)
1057 3572 1143 3612 trouve
1152 3578 1200 3627 que
1208 3577 1236 3611 ee
1245 3577 1343 3628 passage
1353 3573 1451 3628 peruret

295 3631 367 3680 risius
375 3630 409 3697 (p.
421 3632 543 3695 tantu:
557 3654 569 3677 ιι
579 3631 692 3696 Audare,
701 3632 849 3686 audaciter..
890 3637 1006 3688 tl'iteblir
1024 3639 1048 3687 la
1069 3638 1213 3688 distinction
1230 3637 1273 3686 des
1292 3637 1380 3688 classes
1404 3639 1450 3691 des

297 3727 309 3750 ιι
328 3706 369 3756 sed
383 3706 565 3758 meminerimus
575 3709 727 3760 eruditorum
744 3726 850 3761 eonsue-
890 3713 947 3763 llss.
962 3713 996 3764 Le
1010 3714 1078 3779 leeon
1091 3714 1132 3763 des
1151 3713 1209 3767 ltlss.
1226 3712 1257 3762 de
1272 3712 1295 3761 ls
1311 3717 1348 3764 1¹·
1368 3714 1450 3765 classe

297 3804 309 3827 ι
321 3782 405 3833 tudine
417 3781 536 3834 audacter
547 3783 600 3835 sine
611 3785 620 3834 ι’
630 3785 712 3837 littere
722 3787 823 3837 elatum.
834 3807 847 3832 ιι
890 3788 992 3855 ιιᾶοριόε
1000 3789 1121 3855 ριιΑΙιίο,
1130 3788 1321 3855 Cepperonnier,
1329 3788 1449 3849 Bonnell,

329 3863 355 3909 θ.
369 3857 497 3909 Audivisse
511 3871 533 3909 et
547 3861 651 3911 scivisse.
665 3889 699 3901 -
713 3861 849 3925 Quintilien
891 3865 971 3927 llelm,
986 3874 1046 3922 etc..
1059 3882 1097 3914 me
1106 3865 1199 3916 semble
1211 3864 1268 3914 bien
1283 3862 1423 3931 preferable
1437 3868 1453 3917 ῗι

295 3951 326 3985 ne
337 3936 472 3986 condemne
484 3953 526 4003 pas
538 3937 645 4003 l’emploi
656 3938 734 3989 denes
743 3937 847 4000 formem
889 3939 950 3990 celle
967 3940 1009 3990 des
1027 3940 1083 3990 llss.
1099 3941 1130 3989 de
1145 3940 1168 3990 le
1186 3941 1290 3991 seconde
1307 3941 1384 3991 classe
1404 3943 1450 4007 qui

294 4012 397 4062 maiales
405 4011 714 4078 delenseursdel'analogie
722 4014 849 4079 rejetaient
890 4016 942 4065 doit
953 4016 1005 4065 etre
1018 4032 1066 4066 une
1078 4017 1197 4066 ancienne
1208 4016 1346 4066 correction
1359 4018 1449 4083 etqui,

295 4086 390 4137 credisse
406 4097 430 4137 et
451 4089 523 4137 scisse
544 4089 586 4154 qui
607 4088 697 4138 etaient
716 4089 849 4154 &galement
889 4108 919 4140 en
933 4100 987 4140 tous
1003 4108 1050 4150 cas,
1067 4108 1162 4141 comme
1180 4092 1270 4141 levent
1284 4092 1383 4158 Zumpt,
1405 4093 1451 4144 de·

294 4163 425 4231 employes.
455 4162 592 4214 Tunnltsn.
615 4193 650 4203 -
668 4164 742 4215 Notre
762 4173 849 4215 auteur
889 4166 1453 4218 vrnitdtreninsimodifiee:emendatiuscul-

295 4240 418 4306 n’aceepte
427 4256 469 4306 pas
481 4238 613 4298 tribunale,
625 4239 740 4307 faciliter
754 4251 779 4291 et
789 4240 848 4307 sru-
888 4240 945 4290 dum
959 4259 1030 4312 quam
1044 4241 1161 4292 calidum.
1175 4243 1208 4293 La
1219 4242 1289 4309 leeon
1302 4241 1450 4294 emendatus

293 4313 371 4382 galis.
386 4317 527 4382 Cependant
537 4333 570 4366 on
584 4325 670 4366 trouve
682 4316 813 4386 frugalior
823 4326 847 4367 et
888 4317 953 4384 qrtod
968 4316 1076 4367 calidum
1091 4318 1193 4386 adoptee
1207 4335 1251 4385 par
1264 4319 1288 4368 l.
1307 4316 1382 4382 Bade,
1393 4321 1450 4371 d'a-

294 4389 491 4457 [nugalissimo.
513 4419 547 4431 -
564 4391 604 4443 (Ξῖ.
632 4391 735 4444 ciceron
766 4392 845 4457 (Oret.
888 4393 1034 4459 preslells.
1052 4393 1081 4444 de
1097 4394 1369 4455 minuitatem-ec
1382 4407 1453 4448 cette

295 4467 431 4530 ll,15l):
452 4489 463 4512 ιι
477 4467 540 4528 Quid
553 4469 619 4534 quod
636 4468 670 4518 sie
683 4468 750 4535 loqui
766 4486 844 4533 nosse,
887 4479 944 4519 note
960 4487 965 4518 :
982 4491 993 4514 ιι
1014 4469 1076 4519 ΜίΙιί
1098 4470 1258 4521 verosimilius
1271 4475 1410 4536 Augustum
1435 4490 1450 4525 a
