3278 5354
324 492 425 535 cxvnr
755 479 1044 536 th‘RODUCTlON.

448 631 475 671 F⁰
492 630 537 676 130,
554 634 587 679 τ’,
601 632 623 670 it
637 629 684 672 col.
1108 635 1195 676 F013t.
1209 640 1239 684 rt,
1253 637 1283 676 tre
1299 636 1345 678 rol.

262 757 862 772 .....................
912 718 934 784 ἶ
947 729 1044 770 nature
1058 718 1284 792 appellationem,
1300 723 1369 776 sicut
1384 743 1517 795 epp-curus

262 845 861 860 .....................
909 806 955 876 qui
972 806 1118 858 humanam
1131 809 1157 859 ei
1172 807 1287 861 formam
1302 810 1447 883 locumque
1466 816 1492 866 in

261 934 862 950 .....................
909 903 949 946 ter
964 895 1081 947 mundos
1098 894 1173 948 (ledit
1188 900 1299 950 nomine
1319 913 1434 971 uterque
1450 919 1505 954 nnn

260 1024 861 1039 .....................
909 995 997 1034 untur
1011 997 1103 1036 utrum
1119 986 1153 1037 sit
1169 987 1195 1038 in
1212 1005 1240 1039 re
1252 988 1397 1041 coniectat.

260 1111 859 1127 .....................
907 1072 1020 1123 Interim
1033 1073 1149 1143 qualitas
1161 1086 1294 1130 tractatur
1307 1088 1335 1129 ut
1349 1077 1415 1148 qnid

259 1199 799 1215 ...................
814 1150 827 1214 ’,
853 1204 857 1212 .
907 1159 941 1210 sit
955 1158 1091 1212 rethorice
1105 1179 1112 1213 :
1128 1163 1167 1213 vis
1181 1163 1362 1233 persuadendi

259 1287 858 1304 .....................
906 1248 1524 1322 anbenedicendisciontia.Quodgenusestin

259 1376 856 1392 .....................
906 1337 1014 1390 iudiciis
1030 1336 1289 1410 frequentissimum.
1305 1343 1350 1394 Sic
1364 1343 1436 1394 enim
1451 1361 1505 1414 qne

257 1466 857 1482 .....................
906 1427 977 1479 ritur
990 1445 1024 1479 an
1039 1426 1225 1499 deprehensus
1240 1430 1268 1480 in
1283 1428 1406 1500 lupanari

257 1555 856 1571 .....................
905 1534 967 1568 cunr
978 1516 1065 1569 aliena
1082 1534 1167 1569 uxore
1182 1517 1290 1570 adulter
1300 1518 1336 1570 sit
1349 1519 1413 1588 quia

255 1644 854 1661 .....................
905 1624 960 1657 non
975 1604 1008 1656 de
1023 1605 1206 1677 appellatione
1218 1605 1265 1658 sed
1280 1605 1313 1658 de
1326 1607 1351 1657 ri
1367 1605 1429 1657 facti

257 1731 855 1747 .....................
904 1693 962 1745 eius
978 1691 1127 1760 ambigitur
1141 1710 1175 1744 an
1188 1694 1301 1745 omnino
1315 1696 1473 1765 peccaverit.

903 1782 971 1833 Nam
987 1782 1007 1833 si
1023 1783 1145 1851 peccarit
1160 1800 1215 1834 non
1230 1794 1321 1853 potest
1335 1781 1410 1834 aliud

902 1888 959 1922 esee
968 1887 1049 1939 qnam
1057 1868 1189 1921 adulter³.
1207 1870 1379 1939 pllirersum
1391 1882 1431 1923 est
1441 1889 1524 1941 genus

225 2007 229 2011 .
253 1960 352 2014 valebit
365 1961 411 2013 liet
424 1961 598 2032 syllogismus
615 1978 621 2013 :
642 1961 676 2013 atl
902 1976 965 2011 curn
980 1958 1165 2012 controversia
1177 1959 1301 2010 consistit
1317 1961 1344 2011 in
1361 1963 1469 2013 nomine
1486 1980 1491 2011 ε

251 2067 333 2121 quent
349 2050 422 2102 velut
436 2051 546 2102 remissa
560 2050 651 2121 priore
666 2069 718 2103 con
779 2031 786 2045 ⁹
902 2048 978 2120 quod
993 2048 1092 2120 pendet
1108 2067 1139 2100 ex
1160 2050 1262 2119 scripto
1275 2068 1325 2101 nec
1340 2065 1461 2103 versatur

253 2138 374 2191 tentione
383 2137 535 2191 veniemus¹
552 2143 574 2210 χ
589 2137 667 2191 diver
739 2140 784 2192 VA
902 2139 930 2189 in
944 2137 1052 2189 indiciis
1065 2138 1114 2189 nisi
1133 2148 1245 2209 propter
1260 2136 1406 2209 verbaque
1421 2138 1496 2190 litcm

250 2245 310 2281 sum
325 2237 365 2280 est
379 2245 464 2297 genas
478 2246 540 2281 cum
556 2241 701 2283 controrer
802 2230 875 2284 CAT
901 2225 1057 2297 generant&
1072 2227 1128 2281 lan
1146 2225 1259 2296 perinde
1272 2227 1364 2298 puniri
1380 2226 1477 2280 debeat
1490 2247 1522 2280 at·

250 2318 289 2369 sia
305 2317 426 2370 consistit
441 2318 470 2369 in
485 2318 596 2370 nornine
612 2336 619 2371 :
636 2319 711 2389 quod
725 2338 778 2391 pen
903 2317 923 2367 si
937 2333 990 2386 que
1005 2315 1092 2367 airum
1106 2333 1210 2366 veneno
1226 2326 1357 2367 necasset.
1374 2316 1463 2383 Ergn⁵

248 2406 294 2459 det
308 2409 341 2459 e'x
355 2406 458 2477 scripto
474 2424 523 2459 nec
538 2420 662 2460 versatur
676 2410 703 2460 in

248 2494 358 2547 iudiciis
371 2495 424 2546 nisi
440 2506 552 2566 propter
567 2495 647 2548 verba
665 2514 719 2567 «pre
795 2554 798 2560 ,

248 2582 323 2636 litem
337 2594 466 2652 generant
477 2582 498 2638 ².
558 2585 624 2637 [nde
638 2587 730 2656 puniri

247 2671 345 2724 debeat
358 2689 390 2724 ac
404 2673 425 2724 si
441 2690 494 2743 que
509 2674 599 2726 virum
617 2691 721 2726 veneno

248 2770 378 2815 necasset.
394 2763 467 2832 Ergo
483 2761 527 2814 hic
542 2772 628 2815 status
643 2762 745 2815 dicitur

246 2866 319 2901 exeo
329 2847 404 2919 quod
412 2848 544 2920 scriptum
552 2859 592 2901 est
603 2848 630 2902 id
638 2849 860 2921 quodquoniam
903 2885 1500 2902 .....................

247 2937 352 2990 ratione
365 2930 515 3007 colligitur.
529 2937 673 2990 Ratiocina

247 3026 317 3078 tivus
329 3024 442 3081 dicitur.
455 3028 488 3078 In
502 3025 549 3079 has
563 3037 655 3079 autem

246 3112 303 3167 lere
314 3115 413 3187 speties
428 3115 501 3168 venit
515 3132 549 3167 an
564 3116 640 3187 quod
655 3134 683 3170 re
699 3135 746 3170 mc

249 3201 302 3256 lius
313 3215 352 3257 est
368 3202 440 3257 idern
454 3216 479 3256 et
495 3205 586 3275 sepius
602 3206 662 3258 ince

247 3291 279 3341 sti
295 3290 442 3363 dampnata
457 3302 482 3344 ct
495 3294 658 3365 precipitata

247 3377 281 3428 de
295 3396 360 3431 saxo
374 3381 445 3432 iuste
461 3383 594 3452 repetitur
606 3400 639 3434 an
655 3381 731 3452 quod

247 3466 274 3516 in
291 3483 347 3518 uno
362 3468 389 3517 in
406 3467 540 3537 pluribus.
556 3471 610 3535 Qui
628 3468 726 3522 ducem

353 3643 413 3706 (jes
437 3665 564 3706 erreurs
590 3647 737 3730 otranges
758 3643 841 3709 dans
873 3646 903 3710 le
924 3661 1012 3709 texte
1035 3644 1074 3708 de
1093 3661 1207 3732 quatre
1229 3645 1306 3707 Mss.
1330 3640 1460 3704 doivent

310 3752 399 3817 avoir
422 3776 484 3817 une
507 3775 621 3819 source
649 3777 824 3819 commune
845 3756 900 3843 qui
917 3755 1033 3821 merite
1056 3754 1158 3818 d't'etre
1181 3750 1387 3816 recherchce.
1412 3751 1459 3811 En

310 3881 382 3930 tous
401 3888 465 3944 cas,
485 3864 506 3929 il
526 3890 546 3955 y
568 3863 641 3930 aiei
657 3865 741 3930 deux
759 3865 830 3931 saits
851 3873 868 3930 a
885 3882 1047 3930 constater
1073 3887 1080 3929 ε
1104 3872 1133 3926 1⁰
1150 3865 1209 3926 Les
1229 3864 1265 3938 14
1285 3858 1460 3948 premieres

310 3975 410 4063 lignes
424 3976 468 4041 du
489 3975 512 4039 p
534 3978 605 4052 131,
624 3986 664 4053 1¹⁰,
688 3985 726 4040 1rc
744 3977 818 4052 col,
836 4000 869 4041 sc
884 3991 1071 4040 retrouvent
1085 3973 1158 4058 ddja
1172 3985 1373 4035 exactement
1392 3968 1458 4032 ‹lis-

346 4203 366 4248 l.
380 4199 431 4262 Vll,
443 4202 468 4261 3,
479 4202 503 4260 5,
515 4204 540 4248 u.
907 4195 995 4263 lignes,
1015 4192 1123 4261 repdtees
1133 4193 1196 4242 deux
1212 4191 1259 4241 lois
1274 4190 1315 4253 ici,
1326 4200 1460 4254 manquent

345 4278 369 4324 2.
381 4274 434 4336 Vll,
448 4279 471 4337 8,
486 4280 511 4324 3.
905 4272 919 4322 it
934 4272 988 4321 leur
1001 4269 1121 4319 veritable
1132 4269 1199 4335 place
1209 4266 1240 4335 (l0
1257 4270 1312 4328 123,
1327 4268 1374 4331 το).

344 4353 369 4399 3.
385 4350 475 4409 t³11‚a‚
491 4355 515 4399 ῖ.
938 4349 964 4397 5.
978 4345 1012 4397 Le
1026 4354 1090 4395 texte
1109 4343 1224 4394 continue
1242 4344 1257 4393 d
1281 4342 1359 4408 partir
1379 4341 1409 4391 de
1425 4341 1455 4394 tt.

344 4427 368 4473 l.
382 4424 508 4487 3’11,3,ῖ.
522 4426 540 4476 ΙΙ
551 4426 601 4477 lant
614 4441 755 4494 remarqner
767 4441 815 4492 que
824 4441 863 4476 ces
903 4422 977 4474 d'uae
988 4421 1096 4473 mernere
1110 4419 1239 4485 rdguliere.
