<?xml version="1.0" encoding="UTF-8"?>
<!DOCTYPE html PUBLIC "-//W3C//DTD XHTML 1.0 Transitional//EN"
    "http://www.w3.org/TR/xhtml1/DTD/xhtml1-transitional.dtd">
<html xmlns="http://www.w3.org/1999/xhtml" xml:lang="en" lang="en">
 <head>
  <title>
</title>
<meta http-equiv="Content-Type" content="text/html;charset=utf-8" />
  <meta name='ocr-system' content='tesseract 3.04.00' />
  <meta name='ocr-capabilities' content='ocr_page ocr_carea ocr_par ocr_line ocrx_word'/>
</head>
<body>
  <div class='ocr_page' id='page_1' title='image "./deinstitutioneo00fiergoog_0157.png"; bbox 0 0 3248 5340; ppageno 0'>
   <div class='ocr_carea' id='block_1_1' title="bbox 285 448 995 522">
    <p class='ocr_par' dir='ltr' id='par_1_1' title="bbox 285 448 995 522">
     <span class='ocr_line' id='line_1_1' title="bbox 285 448 995 522; baseline -0.013 -11"><span class='ocrx_word' id='word_1_1' title='bbox 285 508 292 522; x_wconf 75' lang='grc'>,</span> <span class='ocrx_word' id='word_1_2' title='bbox 319 469 408 511; x_wconf 74' lang='lat' dir='ltr'><strong>eamr</strong></span> <span class='ocrx_word' id='word_1_3' title='bbox 796 448 995 505; x_wconf 65' lang='lat' dir='ltr'><strong>seratura.</strong></span> 
     </span>
    </p>
   </div>
   <div class='ocr_carea' id='block_1_2' title="bbox 320 598 1479 1915">
    <p class='ocr_par' dir='ltr' id='par_1_2' title="bbox 320 598 1478 942">
     <span class='ocr_line' id='line_1_2' title="bbox 321 598 1476 673; baseline -0.003 -15"><span class='ocrx_word' id='word_1_4' title='bbox 321 603 473 658; x_wconf 88' lang='lat' dir='ltr'><strong>nitionibus</strong></span> <span class='ocrx_word' id='word_1_5' title='bbox 486 603 639 673; x_wconf 82' lang='lat' dir='ltr'><strong>assignatur</strong></span> <span class='ocrx_word' id='word_1_6' title='bbox 648 598 830 670; x_wconf 72' lang='lat' dir='ltr'><strong>ethimologia</strong></span> <span class='ocrx_word' id='word_1_7' title='bbox 840 598 950 652; x_wconf 88' lang='lat' dir='ltr'><strong>locus...</strong></span> <span class='ocrx_word' id='word_1_8' title='bbox 963 599 1030 669; x_wconf 70' lang='lat' dir='ltr'><strong>[du]</strong></span> <span class='ocrx_word' id='word_1_9' title='bbox 1043 598 1172 653; x_wconf 87' lang='lat' dir='ltr'><strong>Continet</strong></span> <span class='ocrx_word' id='word_1_10' title='bbox 1180 613 1271 655; x_wconf 87' lang='lat' dir='ltr'><strong>autem</strong></span> <span class='ocrx_word' id='word_1_11' title='bbox 1284 604 1346 655; x_wconf 91' lang='lat' dir='ltr'><strong>inse</strong></span> <span class='ocrx_word' id='word_1_12' title='bbox 1360 601 1476 655; x_wconf 84' lang='lat' dir='ltr'><strong>multam</strong></span> 
     </span>
     <span class='ocr_line' id='line_1_3' title="bbox 320 687 1476 762; baseline -0.003 -15"><span class='ocrx_word' id='word_1_13' title='bbox 320 692 513 762; x_wconf 89' lang='lat' dir='ltr'><strong>eruditionem,</strong></span> <span class='ocrx_word' id='word_1_14' title='bbox 525 694 546 744; x_wconf 89' lang='lat' dir='ltr'><strong>si</strong></span> <span class='ocrx_word' id='word_1_15' title='bbox 562 690 607 744; x_wconf 91' lang='lat' dir='ltr'><strong>illa</strong></span> <span class='ocrx_word' id='word_1_16' title='bbox 620 691 722 744; x_wconf 74' lang='lat' dir='ltr'><strong>Graecis</strong></span> <span class='ocrx_word' id='word_1_17' title='bbox 737 700 797 742; x_wconf 92' lang='lat' dir='ltr'><strong>orta</strong></span> <span class='ocrx_word' id='word_1_18' title='bbox 809 697 967 758; x_wconf 72' lang='lat' dir='ltr'><strong>tractemus,</strong></span> <span class='ocrx_word' id='word_1_19' title='bbox 980 698 1115 758; x_wconf 74' lang='lat' dir='ltr'><strong>quaesunt</strong></span> <span class='ocrx_word' id='word_1_20' title='bbox 1129 687 1295 761; x_wconf 86' lang='lat' dir='ltr'><strong>plurima,...</strong></span> <span class='ocrx_word' id='word_1_21' title='bbox 1311 692 1365 743; x_wconf 76' lang='lat' dir='ltr'><strong>sive</strong></span> <span class='ocrx_word' id='word_1_22' title='bbox 1375 708 1408 743; x_wconf 80' lang='lat' dir='ltr'><strong>ex</strong></span> <span class='ocrx_word' id='word_1_23' title='bbox 1422 690 1476 744; x_wconf 87' lang='lat' dir='ltr'><strong>his·</strong></span> 
     </span>
     <span class='ocr_line' id='line_1_4' title="bbox 321 775 1478 850; baseline 0 -17"><span class='ocrx_word' id='word_1_24' title='bbox 321 783 453 835; x_wconf 89' lang='lat' dir='ltr'><strong>toriarum</strong></span> <span class='ocrx_word' id='word_1_25' title='bbox 464 791 584 833; x_wconf 86' lang='lat' dir='ltr'><strong>veterum</strong></span> <span class='ocrx_word' id='word_1_26' title='bbox 600 780 701 832; x_wconf 89' lang='lat' dir='ltr'><strong>noticia</strong></span> <span class='ocrx_word' id='word_1_27' title='bbox 712 778 822 831; x_wconf 83' lang='lat' dir='ltr'><strong>nomina</strong></span> <span class='ocrx_word' id='word_1_28' title='bbox 837 776 992 843; x_wconf 89' lang='lat' dir='ltr'><strong>hominnm,</strong></span> <span class='ocrx_word' id='word_1_29' title='bbox 1005 775 1141 847; x_wconf 90' lang='lat' dir='ltr'><strong>locorum,</strong></span> <span class='ocrx_word' id='word_1_30' title='bbox 1156 781 1289 850; x_wconf 87' lang='lat' dir='ltr'><strong>gentium,</strong></span> <span class='ocrx_word' id='word_1_31' title='bbox 1306 781 1418 833; x_wconf 92' lang='lat' dir='ltr'><strong>urbium</strong></span> <span class='ocrx_word' id='word_1_32' title='bbox 1434 797 1478 833; x_wconf 88' lang='lat' dir='ltr'><strong>re-</strong></span> 
     </span>
     <span class='ocr_line' id='line_1_5' title="bbox 321 872 1473 942; baseline 0 -19"><span class='ocrx_word' id='word_1_33' title='bbox 321 872 462 942; x_wconf 82' lang='lat' dir='ltr'>quiramus</span> <span class='ocrx_word' id='word_1_34' title='bbox 465 905 1345 927; x_wconf 83' lang='lat'><strong>..................................................</strong></span> <span class='ocrx_word' id='word_1_35' title='bbox 1352 903 1356 910; x_wconf 92' lang='lat'>·</span> <span class='ocrx_word' id='word_1_36' title='bbox 1357 908 1473 927; x_wconf 81' lang='grc'><strong>.......</strong></span> 
     </span>
    </p>

    <p class='ocr_par' dir='ltr' id='par_1_3' title="bbox 321 953 1479 1298">
     <span class='ocr_line' id='line_1_6' title="bbox 359 953 1479 1029; baseline -0.003 -16"><span class='ocrx_word' id='word_1_37' title='bbox 359 958 462 1029; x_wconf 78' lang='grc'><strong>[38.]...</strong></span> <span class='ocrx_word' id='word_1_38' title='bbox 484 957 605 1024; x_wconf 83' lang='lat' dir='ltr'><strong>Quidam</strong></span> <span class='ocrx_word' id='word_1_39' title='bbox 623 975 678 1010; x_wconf 91' lang='lat' dir='ltr'><strong>non</strong></span> <span class='ocrx_word' id='word_1_40' title='bbox 699 955 894 1008; x_wconf 82' lang='lat' dir='ltr'><strong>dubitaverunt</strong></span> <span class='ocrx_word' id='word_1_41' title='bbox 915 953 1099 1024; x_wconf 70' lang='lat' dir='ltr'><strong>ettstmotogtae</strong></span> <span class='ocrx_word' id='word_1_42' title='bbox 1117 957 1243 1009; x_wconf 87' lang='lat' dir='ltr'><strong>subicere</strong></span> <span class='ocrx_word' id='word_1_43' title='bbox 1269 958 1389 1010; x_wconf 88' lang='lat' dir='ltr'><strong>nominis</strong></span> <span class='ocrx_word' id='word_1_44' title='bbox 1413 975 1479 1010; x_wconf 83' lang='lat' dir='ltr'><strong>catt-</strong></span> 
     </span>
     <span class='ocr_line' id='line_1_7' title="bbox 321 1042 1479 1119; baseline -0.001 -19"><span class='ocrx_word' id='word_1_45' title='bbox 321 1065 389 1118; x_wconf 88' lang='lat' dir='ltr'><strong>sarn,</strong></span> <span class='ocrx_word' id='word_1_46' title='bbox 402 1057 432 1100; x_wconf 90' lang='lat' dir='ltr'><strong>ut</strong></span> <span class='ocrx_word' id='word_1_47' title='bbox 442 1065 474 1099; x_wconf 84' lang='lat' dir='ltr'><strong>ex</strong></span> <span class='ocrx_word' id='word_1_48' title='bbox 488 1046 594 1114; x_wconf 84' lang='lat' dir='ltr'><strong>habitu,</strong></span> <span class='ocrx_word' id='word_1_49' title='bbox 612 1042 845 1117; x_wconf 80' lang='lat' dir='ltr'><strong>quemadmodum</strong></span> <span class='ocrx_word' id='word_1_50' title='bbox 860 1042 927 1111; x_wconf 80' lang='lat' dir='ltr'><strong>dixi,</strong></span> <span class='ocrx_word' id='word_1_51' title='bbox 946 1046 1052 1113; x_wconf 80' lang='lat' dir='ltr'><strong>Lorrgos</strong></span> <span class='ocrx_word' id='word_1_52' title='bbox 1065 1054 1092 1096; x_wconf 87' lang='lat' dir='ltr'><strong>et</strong></span> <span class='ocrx_word' id='word_1_53' title='bbox 1108 1044 1207 1113; x_wconf 82' lang='lat' dir='ltr'><strong>ltrcfos,·</strong></span> <span class='ocrx_word' id='word_1_54' title='bbox 1222 1064 1254 1097; x_wconf 82' lang='lat' dir='ltr'><strong>ex</strong></span> <span class='ocrx_word' id='word_1_55' title='bbox 1271 1064 1349 1113; x_wconf 88' lang='lat' dir='ltr'><strong>sono,</strong></span> <span class='ocrx_word' id='word_1_56' title='bbox 1365 1054 1479 1119; x_wconf 74' lang='lat' dir='ltr'><strong>strepere</strong></span> 
     </span>
     <span class='ocr_line' id='line_1_8' title="bbox 322 1130 1477 1207; baseline -0.001 -19"><span class='ocrx_word' id='word_1_57' title='bbox 322 1150 349 1189; x_wconf 89' lang='lat' dir='ltr'><strong>et</strong></span> <span class='ocrx_word' id='word_1_58' title='bbox 363 1153 544 1199; x_wconf 80' lang='lat' dir='ltr'><strong>naurmurare;</strong></span> <span class='ocrx_word' id='word_1_59' title='bbox 566 1136 647 1188; x_wconf 87' lang='lat' dir='ltr'><strong>etiam</strong></span> <span class='ocrx_word' id='word_1_60' title='bbox 663 1133 793 1203; x_wconf 83' lang='lat' dir='ltr'><strong>derivata,</strong></span> <span class='ocrx_word' id='word_1_61' title='bbox 809 1144 869 1185; x_wconf 89' lang='lat' dir='ltr'><strong>uta</strong></span> <span class='ocrx_word' id='word_1_62' title='bbox 895 1130 1034 1185; x_wconf 81' lang='lat' dir='ltr'><strong>uelocitate</strong></span> <span class='ocrx_word' id='word_1_63' title='bbox 1049 1131 1151 1186; x_wconf 86' lang='lat' dir='ltr'><strong>dicitur</strong></span> <span class='ocrx_word' id='word_1_64' title='bbox 1170 1132 1264 1191; x_wconf 69' lang='lat' dir='ltr'><strong>uelox:</strong></span> <span class='ocrx_word' id='word_1_65' title='bbox 1280 1144 1306 1187; x_wconf 91' lang='lat' dir='ltr'><strong>ct</strong></span> <span class='ocrx_word' id='word_1_66' title='bbox 1323 1136 1477 1207; x_wconf 86' lang='lat' dir='ltr'><strong>composita</strong></span> 
     </span>
     <span class='ocr_line' id='line_1_9' title="bbox 327 1219 1473 1298; baseline -0.002 -21"><span class='ocrx_word' id='word_1_67' title='bbox 327 1224 456 1298; x_wconf 76' lang='lat' dir='ltr'><strong>pleraque</strong></span> <span class='ocrx_word' id='word_1_68' title='bbox 471 1223 513 1276; x_wconf 91' lang='lat' dir='ltr'><strong>his</strong></span> <span class='ocrx_word' id='word_1_69' title='bbox 525 1222 632 1294; x_wconf 77' lang='lat' dir='ltr'><strong>similia,</strong></span> <span class='ocrx_word' id='word_1_70' title='bbox 648 1241 710 1293; x_wconf 85' lang='lat' dir='ltr'><strong>quae</strong></span> <span class='ocrx_word' id='word_1_71' title='bbox 724 1221 783 1274; x_wconf 90' lang='lat' dir='ltr'><strong>sine</strong></span> <span class='ocrx_word' id='word_1_72' title='bbox 802 1220 889 1274; x_wconf 91' lang='lat' dir='ltr'><strong>dubio</strong></span> <span class='ocrx_word' id='word_1_73' title='bbox 903 1219 1016 1274; x_wconf 79' lang='lat' dir='ltr'><strong>aliunde</strong></span> <span class='ocrx_word' id='word_1_74' title='bbox 1029 1222 1161 1291; x_wconf 78' lang='lat' dir='ltr'><strong>originem</strong></span> <span class='ocrx_word' id='word_1_75' title='bbox 1174 1221 1280 1276; x_wconf 82' lang='lat' dir='ltr'><strong>duccmt</strong></span> <span class='ocrx_word' id='word_1_76' title='bbox 1287 1262 1473 1281; x_wconf 82' lang='grc'><strong>,,,,,,,,,,,</strong></span> 
     </span>
    </p>

    <p class='ocr_par' dir='ltr' id='par_1_4' title="bbox 322 1310 1479 1915">
     <span class='ocr_line' id='line_1_10' title="bbox 359 1310 1478 1384; baseline -0.002 -18"><span class='ocrx_word' id='word_1_77' title='bbox 359 1314 463 1384; x_wconf 69' lang='grc' dir='ltr'><strong>[4ι.]...</strong></span> <span class='ocrx_word' id='word_1_78' title='bbox 483 1313 579 1366; x_wconf 89' lang='lat' dir='ltr'><strong>Oratio</strong></span> <span class='ocrx_word' id='word_1_79' title='bbox 596 1311 708 1365; x_wconf 70' lang='grc' dir='ltr'><strong>ιιιιιεηιι</strong></span> <span class='ocrx_word' id='word_1_80' title='bbox 727 1312 807 1364; x_wconf 84' lang='lat' dir='ltr'><strong>errius</strong></span> <span class='ocrx_word' id='word_1_81' title='bbox 829 1327 935 1363; x_wconf 89' lang='lat' dir='ltr'><strong>summa</strong></span> <span class='ocrx_word' id='word_1_82' title='bbox 957 1310 1043 1362; x_wconf 76' lang='lat' dir='ltr'><strong>virtus</strong></span> <span class='ocrx_word' id='word_1_83' title='bbox 1064 1320 1104 1363; x_wconf 89' lang='lat' dir='ltr'><strong>est</strong></span> <span class='ocrx_word' id='word_1_84' title='bbox 1123 1313 1317 1383; x_wconf 79' lang='lat' dir='ltr'><strong>perspicuitas,</strong></span> <span class='ocrx_word' id='word_1_85' title='bbox 1340 1329 1423 1382; x_wconf 87' lang='lat' dir='ltr'><strong>quam</strong></span> <span class='ocrx_word' id='word_1_86' title='bbox 1443 1313 1478 1364; x_wconf 88' lang='lat' dir='ltr'><strong>sit</strong></span> 
     </span>
     <span class='ocr_line' id='line_1_11' title="bbox 322 1400 1477 1473; baseline 0.001 -21"><span class='ocrx_word' id='word_1_87' title='bbox 322 1403 432 1472; x_wconf 78' lang='lat' dir='ltr'><strong>siciosa,</strong></span> <span class='ocrx_word' id='word_1_88' title='bbox 446 1403 467 1455; x_wconf 88' lang='lat' dir='ltr'><strong>si</strong></span> <span class='ocrx_word' id='word_1_89' title='bbox 483 1411 558 1471; x_wconf 82' lang='lat' dir='ltr'><strong>egeat</strong></span> <span class='ocrx_word' id='word_1_90' title='bbox 568 1402 730 1473; x_wconf 84' lang='lat' dir='ltr'><strong>interprete!</strong></span> <span class='ocrx_word' id='word_1_91' title='bbox 745 1401 827 1469; x_wconf 76' lang='lat' dir='ltr'><strong>Ergo,</strong></span> <span class='ocrx_word' id='word_1_92' title='bbox 844 1408 873 1451; x_wconf 93' lang='lat' dir='ltr'><strong>ut</strong></span> <span class='ocrx_word' id='word_1_93' title='bbox 888 1416 1021 1451; x_wconf 87' lang='lat' dir='ltr'><strong>novorum</strong></span> <span class='ocrx_word' id='word_1_94' title='bbox 1034 1400 1137 1470; x_wconf 90' lang='lat' dir='ltr'><strong>optima</strong></span> <span class='ocrx_word' id='word_1_95' title='bbox 1150 1411 1230 1453; x_wconf 89' lang='lat' dir='ltr'><strong>erunt</strong></span> <span class='ocrx_word' id='word_1_96' title='bbox 1246 1401 1362 1453; x_wconf 83' lang='lat' dir='ltr'><strong>maxime</strong></span> <span class='ocrx_word' id='word_1_97' title='bbox 1376 1411 1477 1471; x_wconf 82' lang='lat' dir='ltr'><strong>vetera,</strong></span> 
     </span>
     <span class='ocr_line' id='line_1_12' title="bbox 322 1486 1477 1558; baseline 0 -16"><span class='ocrx_word' id='word_1_98' title='bbox 322 1493 358 1545; x_wconf 88' lang='lat' dir='ltr'><strong>ita</strong></span> <span class='ocrx_word' id='word_1_99' title='bbox 371 1502 493 1544; x_wconf 84' lang='lat' dir='ltr'><strong>veterum</strong></span> <span class='ocrx_word' id='word_1_100' title='bbox 509 1492 625 1542; x_wconf 80' lang='lat' dir='ltr'><strong>rtraxime</strong></span> <span class='ocrx_word' id='word_1_101' title='bbox 640 1507 719 1542; x_wconf 78' lang='lat' dir='ltr'><strong>nora.</strong></span> <span class='ocrx_word' id='word_1_102' title='bbox 746 1488 813 1558; x_wconf 65' lang='lat' dir='ltr'><strong>[Aa]</strong></span> <span class='ocrx_word' id='word_1_103' title='bbox 836 1486 966 1539; x_wconf 77' lang='lat' dir='ltr'><strong>Similiter</strong></span> <span class='ocrx_word' id='word_1_104' title='bbox 985 1488 1059 1540; x_wconf 90' lang='lat' dir='ltr'><strong>circa</strong></span> <span class='ocrx_word' id='word_1_105' title='bbox 1084 1490 1276 1542; x_wconf 82' lang='lat' dir='ltr'><strong>auctoritatem</strong></span> <span class='ocrx_word' id='word_1_106' title='bbox 1299 1489 1381 1543; x_wconf 88' lang='lat' dir='ltr'><strong>ratio.</strong></span> <span class='ocrx_word' id='word_1_107' title='bbox 1407 1489 1477 1542; x_wconf 75' lang='lat' dir='ltr'><strong>Nam</strong></span> 
     </span>
     <span class='ocr_line' id='line_1_13' title="bbox 322 1575 1479 1652; baseline -0.002 -20"><span class='ocrx_word' id='word_1_108' title='bbox 322 1581 429 1633; x_wconf 86' lang='lat' dir='ltr'><strong>etiamsi</strong></span> <span class='ocrx_word' id='word_1_109' title='bbox 446 1589 536 1652; x_wconf 89' lang='lat' dir='ltr'><strong>potest</strong></span> <span class='ocrx_word' id='word_1_110' title='bbox 552 1577 636 1630; x_wconf 80' lang='lat' dir='ltr'><strong>videri</strong></span> <span class='ocrx_word' id='word_1_111' title='bbox 652 1577 736 1630; x_wconf 90' lang='lat' dir='ltr'><strong>nichil</strong></span> <span class='ocrx_word' id='word_1_112' title='bbox 756 1593 879 1650; x_wconf 88' lang='lat' dir='ltr'><strong>peccare,</strong></span> <span class='ocrx_word' id='word_1_113' title='bbox 895 1577 941 1647; x_wconf 92' lang='lat' dir='ltr'><strong>qui</strong></span> <span class='ocrx_word' id='word_1_114' title='bbox 959 1577 1047 1630; x_wconf 76' lang='lat' dir='ltr'><strong>aititur</strong></span> <span class='ocrx_word' id='word_1_115' title='bbox 1061 1575 1103 1629; x_wconf 87' lang='lat' dir='ltr'><strong>his</strong></span> <span class='ocrx_word' id='word_1_116' title='bbox 1118 1576 1207 1629; x_wconf 82' lang='lat' dir='ltr'><strong>verbis</strong></span> <span class='ocrx_word' id='word_1_117' title='bbox 1221 1595 1282 1648; x_wconf 73' lang='lat' dir='ltr'><strong>quae</strong></span> <span class='ocrx_word' id='word_1_118' title='bbox 1297 1579 1397 1630; x_wconf 90' lang='lat' dir='ltr'><strong>summi</strong></span> <span class='ocrx_word' id='word_1_119' title='bbox 1409 1596 1479 1631; x_wconf 90' lang='lat' dir='ltr'><strong>auc-</strong></span> 
     </span>
     <span class='ocr_line' id='line_1_14' title="bbox 324 1662 1477 1737; baseline -0.003 -15"><span class='ocrx_word' id='word_1_120' title='bbox 324 1682 397 1723; x_wconf 87' lang='lat' dir='ltr'><strong>tores</strong></span> <span class='ocrx_word' id='word_1_121' title='bbox 412 1667 593 1737; x_wconf 84' lang='lat' dir='ltr'><strong>tradiderunt,</strong></span> <span class='ocrx_word' id='word_1_122' title='bbox 605 1665 723 1719; x_wconf 89' lang='lat' dir='ltr'><strong>multum</strong></span> <span class='ocrx_word' id='word_1_123' title='bbox 738 1675 828 1718; x_wconf 87' lang='lat' dir='ltr'><strong>tamen</strong></span> <span class='ocrx_word' id='word_1_124' title='bbox 842 1662 924 1717; x_wconf 75' lang='lat' dir='ltr'><strong>refert</strong></span> <span class='ocrx_word' id='word_1_125' title='bbox 939 1681 993 1717; x_wconf 91' lang='lat' dir='ltr'><strong>non</strong></span> <span class='ocrx_word' id='word_1_126' title='bbox 1006 1663 1096 1718; x_wconf 90' lang='lat' dir='ltr'><strong>solum</strong></span> <span class='ocrx_word' id='word_1_127' title='bbox 1108 1683 1170 1737; x_wconf 76' lang='lat' dir='ltr'><strong>quae</strong></span> <span class='ocrx_word' id='word_1_128' title='bbox 1187 1665 1317 1729; x_wconf 73' lang='lat' dir='ltr'><strong>dixerint,</strong></span> <span class='ocrx_word' id='word_1_129' title='bbox 1335 1666 1477 1720; x_wconf 82' lang='lat' dir='ltr'><strong>sedetiam</strong></span> 
     </span>
     <span class='ocr_line' id='line_1_15' title="bbox 323 1753 1478 1830; baseline -0.001 -22"><span class='ocrx_word' id='word_1_130' title='bbox 323 1757 390 1828; x_wconf 91' lang='lat' dir='ltr'><strong>qnid</strong></span> <span class='ocrx_word' id='word_1_131' title='bbox 409 1757 626 1830; x_wconf 81' lang='lat' dir='ltr'><strong>persuaserint...</strong></span> <span class='ocrx_word' id='word_1_132' title='bbox 650 1755 718 1825; x_wconf 50' lang='lat' dir='ltr'><strong>[ab]</strong></span> <span class='ocrx_word' id='word_1_133' title='bbox 740 1753 868 1825; x_wconf 81' lang='lat' dir='ltr'><strong>Superest</strong></span> <span class='ocrx_word' id='word_1_134' title='bbox 892 1755 975 1823; x_wconf 84' lang='lat' dir='ltr'><strong>igitur</strong></span> <span class='ocrx_word' id='word_1_135' title='bbox 996 1754 1168 1807; x_wconf 85' lang='lat' dir='ltr'><strong>consuetudo</strong></span> <span class='ocrx_word' id='word_1_136' title='bbox 1250 1773 1328 1821; x_wconf 89' lang='lat' dir='ltr'><strong>sane,</strong></span> <span class='ocrx_word' id='word_1_137' title='bbox 1352 1755 1478 1826; x_wconf 87' lang='lat' dir='ltr'><strong>quidest</strong></span> 
     </span>
     <span class='ocr_line' id='line_1_16' title="bbox 324 1841 1477 1915; baseline -0.003 -16"><span class='ocrx_word' id='word_1_138' title='bbox 324 1845 400 1900; x_wconf 89' lang='lat' dir='ltr'><strong>aliud</strong></span> <span class='ocrx_word' id='word_1_139' title='bbox 415 1857 490 1900; x_wconf 80' lang='lat' dir='ltr'><strong>retus</strong></span> <span class='ocrx_word' id='word_1_140' title='bbox 502 1863 591 1898; x_wconf 84' lang='lat' dir='ltr'><strong>serum</strong></span> <span class='ocrx_word' id='word_1_141' title='bbox 604 1861 686 1915; x_wconf 83' lang='lat' dir='ltr'><strong>qrmm</strong></span> <span class='ocrx_word' id='word_1_142' title='bbox 703 1854 778 1896; x_wconf 85' lang='lat' dir='ltr'><strong>vetus</strong></span> <span class='ocrx_word' id='word_1_143' title='bbox 793 1841 923 1913; x_wconf 89' lang='lat' dir='ltr'><strong>loquendi</strong></span> <span class='ocrx_word' id='word_1_144' title='bbox 937 1842 1130 1896; x_wconf 82' lang='lat' dir='ltr'><strong>consuetudo?</strong></span> <span class='ocrx_word' id='word_1_145' title='bbox 1144 1842 1196 1896; x_wconf 89' lang='lat' dir='ltr'><strong>Sed</strong></span> <span class='ocrx_word' id='word_1_146' title='bbox 1210 1843 1274 1896; x_wconf 91' lang='lat' dir='ltr'><strong>hnic</strong></span> <span class='ocrx_word' id='word_1_147' title='bbox 1294 1843 1477 1897; x_wconf 88' lang='lat' dir='ltr'><strong>necessarium</strong></span> 
     </span>
    </p>
   </div>
   <div class='ocr_carea' id='block_1_3' title="bbox 258 2017 1482 4224">
    <p class='ocr_par' dir='ltr' id='par_1_5' title="bbox 323 2017 1481 2353">
     <span class='ocr_line' id='line_1_17' title="bbox 325 2017 1479 2094; baseline -0.001 -19"><span class='ocrx_word' id='word_1_148' title='bbox 325 2041 427 2075; x_wconf 90' lang='lat' dir='ltr'><strong>cemus.</strong></span> <span class='ocrx_word' id='word_1_149' title='bbox 445 2021 512 2093; x_wconf 53' lang='lat' dir='ltr'><strong>[th]</strong></span> <span class='ocrx_word' id='word_1_150' title='bbox 526 2022 595 2086; x_wconf 79' lang='lat' dir='ltr'><strong>Quoe</strong></span> <span class='ocrx_word' id='word_1_151' title='bbox 608 2022 630 2074; x_wconf 88' lang='lat' dir='ltr'><strong>si</strong></span> <span class='ocrx_word' id='word_1_152' title='bbox 645 2039 677 2074; x_wconf 80' lang='lat' dir='ltr'><strong>ex</strong></span> <span class='ocrx_word' id='word_1_153' title='bbox 693 2038 736 2090; x_wconf 89' lang='lat' dir='ltr'><strong>eo,</strong></span> <span class='ocrx_word' id='word_1_154' title='bbox 752 2019 828 2091; x_wconf 89' lang='lat' dir='ltr'><strong>quod</strong></span> <span class='ocrx_word' id='word_1_155' title='bbox 840 2019 933 2090; x_wconf 89' lang='lat' dir='ltr'><strong>plures</strong></span> <span class='ocrx_word' id='word_1_156' title='bbox 944 2017 1059 2090; x_wconf 81' lang='lat' dir='ltr'><strong>iaciunt,</strong></span> <span class='ocrx_word' id='word_1_157' title='bbox 1074 2037 1175 2073; x_wconf 90' lang='lat' dir='ltr'><strong>nomen</strong></span> <span class='ocrx_word' id='word_1_158' title='bbox 1192 2023 1319 2094; x_wconf 87' lang='lat' dir='ltr'><strong>accipiat,</strong></span> <span class='ocrx_word' id='word_1_159' title='bbox 1337 2019 1479 2093; x_wconf 87' lang='lat' dir='ltr'><strong>periculo-</strong></span> 
     </span>
     <span class='ocr_line' id='line_1_18' title="bbox 323 2107 1474 2180; baseline -0.001 -18"><span class='ocrx_word' id='word_1_160' title='bbox 323 2112 461 2163; x_wconf 87' lang='lat' dir='ltr'><strong>sissimum</strong></span> <span class='ocrx_word' id='word_1_161' title='bbox 470 2109 544 2161; x_wconf 91' lang='lat' dir='ltr'><strong>dabit</strong></span> <span class='ocrx_word' id='word_1_162' title='bbox 559 2119 734 2180; x_wconf 83' lang='lat' dir='ltr'><strong>praeceptum,</strong></span> <span class='ocrx_word' id='word_1_163' title='bbox 747 2127 802 2162; x_wconf 91' lang='lat' dir='ltr'><strong>non</strong></span> <span class='ocrx_word' id='word_1_164' title='bbox 814 2108 930 2161; x_wconf 91' lang='lat' dir='ltr'><strong>orationi</strong></span> <span class='ocrx_word' id='word_1_165' title='bbox 941 2107 1033 2179; x_wconf 87' lang='lat' dir='ltr'><strong>modo,</strong></span> <span class='ocrx_word' id='word_1_166' title='bbox 1043 2107 1100 2176; x_wconf 87' lang='lat' dir='ltr'><strong>sed,</strong></span> <span class='ocrx_word' id='word_1_167' title='bbox 1110 2108 1186 2180; x_wconf 89' lang='lat' dir='ltr'><strong>quod</strong></span> <span class='ocrx_word' id='word_1_168' title='bbox 1202 2110 1289 2164; x_wconf 89' lang='lat' dir='ltr'><strong>maius</strong></span> <span class='ocrx_word' id='word_1_169' title='bbox 1301 2123 1350 2180; x_wconf 85' lang='lat' dir='ltr'><strong>est,</strong></span> <span class='ocrx_word' id='word_1_170' title='bbox 1363 2109 1437 2164; x_wconf 82' lang='lat' dir='ltr'><strong>vitoe.</strong></span> <span class='ocrx_word' id='word_1_171' title='bbox 1449 2156 1455 2166; x_wconf 89' lang='grc'><strong>,</strong></span> <span class='ocrx_word' id='word_1_172' title='bbox 1468 2155 1474 2168; x_wconf 88' lang='grc'><strong>,</strong></span> 
     </span>
     <span class='ocr_line' id='line_1_19' title="bbox 325 2197 1481 2272; baseline -0.001 -19"><span class='ocrx_word' id='word_1_173' title='bbox 325 2199 424 2272; x_wconf 48' lang='lat' dir='ltr'><strong>ital...</strong></span> <span class='ocrx_word' id='word_1_174' title='bbox 445 2197 678 2251; x_wconf 84' lang='lat' dir='ltr'><strong>Consuetudinem</strong></span> <span class='ocrx_word' id='word_1_175' title='bbox 695 2198 797 2249; x_wconf 68' lang='lat' dir='ltr'><strong>vcaeabo</strong></span> <span class='ocrx_word' id='word_1_176' title='bbox 816 2199 950 2250; x_wconf 88' lang='lat' dir='ltr'><strong>sermonis</strong></span> <span class='ocrx_word' id='word_1_177' title='bbox 964 2215 1127 2250; x_wconf 89' lang='lat' dir='ltr'><strong>consensum</strong></span> <span class='ocrx_word' id='word_1_178' title='bbox 1142 2199 1329 2269; x_wconf 73' lang='lat' dir='ltr'><strong>eruditorum,</strong></span> <span class='ocrx_word' id='word_1_179' title='bbox 1346 2199 1416 2252; x_wconf 89' lang='lat' dir='ltr'><strong>sicut</strong></span> <span class='ocrx_word' id='word_1_180' title='bbox 1440 2200 1481 2252; x_wconf 78' lang='lat' dir='ltr'><strong>si·</strong></span> 
     </span>
     <span class='ocr_line' id='line_1_20' title="bbox 323 2286 750 2353; baseline -0.005 -14"><span class='ocrx_word' id='word_1_181' title='bbox 323 2286 415 2353; x_wconf 76' lang='lat' dir='ltr'><strong>rendi,</strong></span> <span class='ocrx_word' id='word_1_182' title='bbox 431 2303 593 2339; x_wconf 88' lang='lat' dir='ltr'><strong>eonsensum</strong></span> <span class='ocrx_word' id='word_1_183' title='bbox 605 2287 750 2338; x_wconf 90' lang='lat' dir='ltr'><strong>bonorum.</strong></span> 
     </span>
    </p>

    <p class='ocr_par' dir='ltr' id='par_1_6' title="bbox 258 2372 1481 2877">
     <span class='ocr_line' id='line_1_21' title="bbox 361 2372 1481 2447; baseline 0.004 -21"><span class='ocrx_word' id='word_1_184' title='bbox 361 2377 435 2446; x_wconf 71' lang='lat' dir='ltr'><strong>llll,</strong></span> <span class='ocrx_word' id='word_1_185' title='bbox 449 2372 481 2447; x_wconf 76' lang='grc'><strong>1.]</strong></span> <span class='ocrx_word' id='word_1_186' title='bbox 499 2376 588 2445; x_wconf 77' lang='lat' dir='ltr'><strong>Nunc,</strong></span> <span class='ocrx_word' id='word_1_187' title='bbox 600 2375 731 2445; x_wconf 90' lang='lat' dir='ltr'><strong>quoniam</strong></span> <span class='ocrx_word' id='word_1_188' title='bbox 744 2373 864 2427; x_wconf 80' lang='lat' dir='ltr'><strong>diximus</strong></span> <span class='ocrx_word' id='word_1_189' title='bbox 874 2392 935 2445; x_wconf 87' lang='lat' dir='ltr'><strong>quae</strong></span> <span class='ocrx_word' id='word_1_190' title='bbox 947 2374 981 2427; x_wconf 88' lang='lat' dir='ltr'><strong>sit</strong></span> <span class='ocrx_word' id='word_1_191' title='bbox 992 2372 1122 2446; x_wconf 90' lang='lat' dir='ltr'><strong>loquendi</strong></span> <span class='ocrx_word' id='word_1_192' title='bbox 1134 2374 1236 2445; x_wconf 86' lang='lat' dir='ltr'><strong>regula,</strong></span> <span class='ocrx_word' id='word_1_193' title='bbox 1254 2373 1403 2431; x_wconf 90' lang='lat' dir='ltr'><strong>dicendum</strong></span> <span class='ocrx_word' id='word_1_194' title='bbox 1419 2393 1481 2447; x_wconf 76' lang='lat' dir='ltr'><strong>quac</strong></span> 
     </span>
     <span class='ocr_line' id='line_1_22' title="bbox 322 2448 1479 2536; baseline 0 -19"><span class='ocrx_word' id='word_1_195' title='bbox 322 2463 507 2517; x_wconf 76' lang='lat' dir='ltr'><strong>scribentibus</strong></span> <span class='ocrx_word' id='word_1_196' title='bbox 532 2461 720 2533; x_wconf 88' lang='lat' dir='ltr'><strong>custodienda,</strong></span> <span class='ocrx_word' id='word_1_197' title='bbox 745 2461 821 2533; x_wconf 89' lang='lat' dir='ltr'><strong>quod</strong></span> <span class='ocrx_word' id='word_1_198' title='bbox 844 2448 933 2516; x_wconf 78' lang='lat' dir='ltr'><strong>Craeet</strong></span> <span class='ocrx_word' id='word_1_199' title='bbox 953 2463 1175 2536; x_wconf 77' lang='lat' dir='ltr'><strong>orthographiam</strong></span> <span class='ocrx_word' id='word_1_200' title='bbox 1199 2475 1304 2535; x_wconf 81' lang='lat' dir='ltr'><strong>vocant,</strong></span> <span class='ocrx_word' id='word_1_201' title='bbox 1327 2483 1378 2518; x_wconf 93' lang='lat' dir='ltr'><strong>nos</strong></span> <span class='ocrx_word' id='word_1_202' title='bbox 1406 2475 1479 2519; x_wconf 84' lang='lat' dir='ltr'><strong>recte</strong></span> 
     </span>
     <span class='ocr_line' id='line_1_23' title="bbox 324 2551 1480 2625; baseline 0.003 -21"><span class='ocrx_word' id='word_1_203' title='bbox 324 2552 461 2606; x_wconf 83' lang='lat' dir='ltr'><strong>scribendi</strong></span> <span class='ocrx_word' id='word_1_204' title='bbox 477 2552 617 2605; x_wconf 87' lang='lat' dir='ltr'><strong>scientiam</strong></span> <span class='ocrx_word' id='word_1_205' title='bbox 633 2553 816 2604; x_wconf 89' lang='lat' dir='ltr'><strong>nominemus.</strong></span> <span class='ocrx_word' id='word_1_206' title='bbox 832 2551 918 2605; x_wconf 90' lang='lat' dir='ltr'><strong>Cuius</strong></span> <span class='ocrx_word' id='word_1_207' title='bbox 933 2569 976 2606; x_wconf 86' lang='lat' dir='ltr'><strong>ars</strong></span> <span class='ocrx_word' id='word_1_208' title='bbox 992 2570 1048 2605; x_wconf 90' lang='lat' dir='ltr'><strong>non</strong></span> <span class='ocrx_word' id='word_1_209' title='bbox 1062 2553 1088 2606; x_wconf 90' lang='lat' dir='ltr'><strong>in</strong></span> <span class='ocrx_word' id='word_1_210' title='bbox 1104 2552 1156 2606; x_wconf 90' lang='lat' dir='ltr'><strong>hoe</strong></span> <span class='ocrx_word' id='word_1_211' title='bbox 1171 2555 1260 2625; x_wconf 88' lang='lat' dir='ltr'><strong>posita</strong></span> <span class='ocrx_word' id='word_1_212' title='bbox 1274 2567 1324 2621; x_wconf 86' lang='lat' dir='ltr'><strong>est,</strong></span> <span class='ocrx_word' id='word_1_213' title='bbox 1340 2566 1371 2606; x_wconf 90' lang='lat' dir='ltr'><strong>ut</strong></span> <span class='ocrx_word' id='word_1_214' title='bbox 1393 2571 1480 2607; x_wconf 88' lang='lat' dir='ltr'><strong>nove·</strong></span> 
     </span>
     <span class='ocr_line' id='line_1_24' title="bbox 258 2639 1479 2713; baseline 0 -19"><span class='ocrx_word' id='word_1_215' title='bbox 258 2682 259 2685; x_wconf 66' lang='lat'><strong>,</strong></span> <span class='ocrx_word' id='word_1_216' title='bbox 325 2643 410 2695; x_wconf 86' lang='lat' dir='ltr'><strong>cimus</strong></span> <span class='ocrx_word' id='word_1_217' title='bbox 424 2643 525 2713; x_wconf 85' lang='lat' dir='ltr'><strong>quibus</strong></span> <span class='ocrx_word' id='word_1_218' title='bbox 538 2657 654 2711; x_wconf 83' lang='lat' dir='ltr'><strong>quaeque</strong></span> <span class='ocrx_word' id='word_1_219' title='bbox 668 2639 762 2693; x_wconf 88' lang='lat' dir='ltr'><strong>sillaba</strong></span> <span class='ocrx_word' id='word_1_220' title='bbox 779 2639 875 2693; x_wconf 84' lang='lat' dir='ltr'><strong>litteris</strong></span> <span class='ocrx_word' id='word_1_221' title='bbox 889 2651 996 2694; x_wconf 88' lang='lat' dir='ltr'><strong>constet</strong></span> <span class='ocrx_word' id='word_1_222' title='bbox 1010 2642 1084 2710; x_wconf 85' lang='lat' dir='ltr'><strong>(nam</strong></span> <span class='ocrx_word' id='word_1_223' title='bbox 1095 2640 1123 2694; x_wconf 90' lang='lat' dir='ltr'><strong>id</strong></span> <span class='ocrx_word' id='word_1_224' title='bbox 1136 2641 1247 2713; x_wconf 89' lang='lat' dir='ltr'><strong>quidem</strong></span> <span class='ocrx_word' id='word_1_225' title='bbox 1261 2640 1332 2695; x_wconf 81' lang='lat' dir='ltr'><strong>inira</strong></span> <span class='ocrx_word' id='word_1_226' title='bbox 1345 2659 1479 2712; x_wconf 86' lang='lat' dir='ltr'><strong>gramma·</strong></span> 
     </span>
     <span class='ocr_line' id='line_1_25' title="bbox 324 2728 1481 2802; baseline 0 -19"><span class='ocrx_word' id='word_1_227' title='bbox 324 2732 369 2784; x_wconf 92' lang='lat' dir='ltr'><strong>tici</strong></span> <span class='ocrx_word' id='word_1_228' title='bbox 394 2729 518 2784; x_wconf 83' lang='lat' dir='ltr'><strong>ollicium</strong></span> <span class='ocrx_word' id='word_1_229' title='bbox 539 2728 599 2801; x_wconf 78' lang='lat' dir='ltr'><strong>cst),</strong></span> <span class='ocrx_word' id='word_1_230' title='bbox 627 2728 674 2782; x_wconf 90' lang='lat' dir='ltr'><strong>sed</strong></span> <span class='ocrx_word' id='word_1_231' title='bbox 696 2738 792 2798; x_wconf 89' lang='lat' dir='ltr'><strong>totam,</strong></span> <span class='ocrx_word' id='word_1_232' title='bbox 808 2739 839 2781; x_wconf 91' lang='lat' dir='ltr'><strong>ut</strong></span> <span class='ocrx_word' id='word_1_233' title='bbox 855 2747 913 2782; x_wconf 90' lang='lat' dir='ltr'><strong>mea</strong></span> <span class='ocrx_word' id='word_1_234' title='bbox 937 2728 990 2782; x_wconf 80' lang='lat' dir='ltr'><strong>lert</strong></span> <span class='ocrx_word' id='word_1_235' title='bbox 1012 2731 1117 2802; x_wconf 91' lang='lat' dir='ltr'><strong>opinio,</strong></span> <span class='ocrx_word' id='word_1_236' title='bbox 1139 2728 1320 2785; x_wconf 83' lang='lat' dir='ltr'><strong>subtilitatem</strong></span> <span class='ocrx_word' id='word_1_237' title='bbox 1340 2730 1481 2784; x_wconf 90' lang='lat' dir='ltr'><strong>indubiis</strong></span> 
     </span>
     <span class='ocr_line' id='line_1_26' title="bbox 328 2820 1477 2877; baseline 0 -5"><span class='ocrx_word' id='word_1_238' title='bbox 328 2820 421 2877; x_wconf 85' lang='lat' dir='ltr'><strong>hahet.</strong></span> <span class='ocrx_word' id='word_1_239' title='bbox 433 2858 1477 2877; x_wconf 83' lang='grc'><strong>...........................................................</strong></span> 
     </span>
    </p>

    <p class='ocr_par' dir='ltr' id='par_1_7' title="bbox 324 2906 1477 3157">
     <span class='ocr_line' id='line_1_27' title="bbox 361 2906 1476 2980; baseline 0 -19"><span class='ocrx_word' id='word_1_240' title='bbox 361 2908 428 2979; x_wconf 66' lang='lat' dir='ltr'><strong>[ru]</strong></span> <span class='ocrx_word' id='word_1_241' title='bbox 446 2910 548 2960; x_wconf 80' lang='lat' dir='ltr'><strong>Verum</strong></span> <span class='ocrx_word' id='word_1_242' title='bbox 561 2906 756 2979; x_wconf 81' lang='lat' dir='ltr'><strong>orthographia</strong></span> <span class='ocrx_word' id='word_1_243' title='bbox 766 2923 877 2978; x_wconf 90' lang='lat' dir='ltr'><strong>quoque</strong></span> <span class='ocrx_word' id='word_1_244' title='bbox 887 2907 1079 2960; x_wconf 85' lang='lat' dir='ltr'><strong>corrsuetudini</strong></span> <span class='ocrx_word' id='word_1_245' title='bbox 1095 2909 1186 2977; x_wconf 70' lang='lat' dir='ltr'><strong>servit,</strong></span> <span class='ocrx_word' id='word_1_246' title='bbox 1204 2908 1320 2980; x_wconf 85' lang='lat' dir='ltr'><strong>ideoque</strong></span> <span class='ocrx_word' id='word_1_247' title='bbox 1334 2926 1404 2979; x_wconf 75' lang='lat' dir='ltr'><strong>saepe</strong></span> <span class='ocrx_word' id='word_1_248' title='bbox 1417 2926 1476 2961; x_wconf 85' lang='lat' dir='ltr'><strong>mtt-</strong></span> 
     </span>
     <span class='ocr_line' id='line_1_28' title="bbox 324 2995 1477 3069; baseline 0 -19"><span class='ocrx_word' id='word_1_249' title='bbox 324 3008 378 3051; x_wconf 88' lang='lat' dir='ltr'><strong>tata</strong></span> <span class='ocrx_word' id='word_1_250' title='bbox 395 3007 446 3052; x_wconf 90' lang='lat' dir='ltr'><strong>est.</strong></span> <span class='ocrx_word' id='word_1_251' title='bbox 457 2997 527 3050; x_wconf 74' lang='lat' dir='ltr'><strong>liam</strong></span> <span class='ocrx_word' id='word_1_252' title='bbox 540 2995 585 3049; x_wconf 88' lang='lat' dir='ltr'><strong>illa</strong></span> <span class='ocrx_word' id='word_1_253' title='bbox 599 2997 781 3050; x_wconf 83' lang='lat' dir='ltr'><strong>vetustissima</strong></span> <span class='ocrx_word' id='word_1_254' title='bbox 795 3005 904 3048; x_wconf 84' lang='lat' dir='ltr'><strong>transeo</strong></span> <span class='ocrx_word' id='word_1_255' title='bbox 916 3008 1049 3067; x_wconf 80' lang='lat' dir='ltr'><strong>tempora,</strong></span> <span class='ocrx_word' id='word_1_256' title='bbox 1062 2995 1164 3067; x_wconf 91' lang='lat' dir='ltr'><strong>quibus</strong></span> <span class='ocrx_word' id='word_1_257' title='bbox 1178 3007 1205 3049; x_wconf 89' lang='lat' dir='ltr'><strong>et</strong></span> <span class='ocrx_word' id='word_1_258' title='bbox 1213 2998 1356 3069; x_wconf 86' lang='lat' dir='ltr'><strong>pauciores</strong></span> <span class='ocrx_word' id='word_1_259' title='bbox 1372 2995 1477 3055; x_wconf 77' lang='lat' dir='ltr'><strong>littera.</strong></span> 
     </span>
     <span class='ocr_line' id='line_1_29' title="bbox 328 3083 1475 3157; baseline -0.001 -18"><span class='ocrx_word' id='word_1_260' title='bbox 328 3105 378 3140; x_wconf 88' lang='lat' dir='ltr'><strong>nee</strong></span> <span class='ocrx_word' id='word_1_261' title='bbox 392 3085 494 3139; x_wconf 86' lang='lat' dir='ltr'><strong>similes</strong></span> <span class='ocrx_word' id='word_1_262' title='bbox 507 3085 549 3138; x_wconf 90' lang='lat' dir='ltr'><strong>his</strong></span> <span class='ocrx_word' id='word_1_263' title='bbox 566 3087 666 3138; x_wconf 89' lang='lat' dir='ltr'><strong>nostris</strong></span> <span class='ocrx_word' id='word_1_264' title='bbox 680 3102 774 3139; x_wconf 87' lang='lat' dir='ltr'><strong>earum</strong></span> <span class='ocrx_word' id='word_1_265' title='bbox 791 3083 885 3137; x_wconf 86' lang='lat' dir='ltr'><strong>forrnae</strong></span> <span class='ocrx_word' id='word_1_266' title='bbox 900 3083 1023 3153; x_wconf 85' lang='lat' dir='ltr'><strong>suerunt,</strong></span> <span class='ocrx_word' id='word_1_267' title='bbox 1036 3095 1063 3138; x_wconf 92' lang='lat' dir='ltr'><strong>et</strong></span> <span class='ocrx_word' id='word_1_268' title='bbox 1073 3085 1112 3136; x_wconf 77' lang='lat' dir='ltr'><strong>vis</strong></span> <span class='ocrx_word' id='word_1_269' title='bbox 1125 3102 1235 3157; x_wconf 91' lang='lat' dir='ltr'><strong>quoque</strong></span> <span class='ocrx_word' id='word_1_270' title='bbox 1250 3085 1354 3138; x_wconf 77' lang='lat' dir='ltr'><strong>diversa</strong></span> <span class='ocrx_word' id='word_1_271' title='bbox 1361 3127 1475 3145; x_wconf 81' lang='grc'><strong>.......</strong></span> 
     </span>
    </p>

    <p class='ocr_par' dir='ltr' id='par_1_8' title="bbox 325 3171 1482 4224">
     <span class='ocr_line' id='line_1_30' title="bbox 361 3171 1481 3249; baseline -0.001 -20"><span class='ocrx_word' id='word_1_272' title='bbox 361 3173 461 3249; x_wconf 64' lang='lat' dir='ltr'><strong>lapi...</strong></span> <span class='ocrx_word' id='word_1_273' title='bbox 483 3174 571 3229; x_wconf 85' lang='lat' dir='ltr'><strong>Multa</strong></span> <span class='ocrx_word' id='word_1_274' title='bbox 589 3185 652 3228; x_wconf 89' lang='lat' dir='ltr'><strong>sunt</strong></span> <span class='ocrx_word' id='word_1_275' title='bbox 668 3175 773 3246; x_wconf 85' lang='lat' dir='ltr'><strong>generis</strong></span> <span class='ocrx_word' id='word_1_276' title='bbox 788 3173 870 3227; x_wconf 92' lang='lat' dir='ltr'><strong>huius</strong></span> <span class='ocrx_word' id='word_1_277' title='bbox 954 3171 1019 3246; x_wconf 71' lang='lat' dir='ltr'><strong>[du]</strong></span> <span class='ocrx_word' id='word_1_278' title='bbox 1035 3172 1168 3227; x_wconf 89' lang='lat' dir='ltr'><strong>iudicium</strong></span> <span class='ocrx_word' id='word_1_279' title='bbox 1187 3187 1279 3227; x_wconf 89' lang='lat' dir='ltr'><strong>autern</strong></span> <span class='ocrx_word' id='word_1_280' title='bbox 1294 3192 1373 3229; x_wconf 92' lang='lat' dir='ltr'><strong>suum</strong></span> <span class='ocrx_word' id='word_1_281' title='bbox 1388 3192 1481 3244; x_wconf 87' lang='lat' dir='ltr'><strong>gram·</strong></span> 
     </span>
     <span class='ocr_line' id='line_1_31' title="bbox 325 3260 1481 3337; baseline -0.002 -20"><span class='ocrx_word' id='word_1_282' title='bbox 325 3266 442 3318; x_wconf 84' lang='lat' dir='ltr'><strong>malicus</strong></span> <span class='ocrx_word' id='word_1_283' title='bbox 453 3265 611 3337; x_wconf 89' lang='lat' dir='ltr'><strong>interponat</strong></span> <span class='ocrx_word' id='word_1_284' title='bbox 624 3264 665 3317; x_wconf 91' lang='lat' dir='ltr'><strong>his</strong></span> <span class='ocrx_word' id='word_1_285' title='bbox 679 3262 816 3316; x_wconf 88' lang='lat' dir='ltr'><strong>omnibus.</strong></span> <span class='ocrx_word' id='word_1_286' title='bbox 828 3263 896 3316; x_wconf 82' lang='lat' dir='ltr'><strong>Nam</strong></span> <span class='ocrx_word' id='word_1_287' title='bbox 908 3262 960 3315; x_wconf 87' lang='lat' dir='ltr'><strong>hoc</strong></span> <span class='ocrx_word' id='word_1_288' title='bbox 968 3260 1055 3315; x_wconf 85' lang='lat' dir='ltr'><strong>valere</strong></span> <span class='ocrx_word' id='word_1_289' title='bbox 1066 3261 1217 3334; x_wconf 89' lang='lat' dir='ltr'><strong>plurimum</strong></span> <span class='ocrx_word' id='word_1_290' title='bbox 1225 3261 1339 3316; x_wconf 87' lang='lat' dir='ltr'><strong>debet...</strong></span> <span class='ocrx_word' id='word_1_291' title='bbox 1353 3263 1422 3335; x_wconf 65' lang='lat' dir='ltr'><strong>[dm]</strong></span> <span class='ocrx_word' id='word_1_292' title='bbox 1433 3265 1481 3316; x_wconf 79' lang='lat' dir='ltr'><strong>Hae</strong></span> 
     </span>
     <span class='ocr_line' id='line_1_32' title="bbox 327 3350 1480 3424; baseline -0.001 -19"><span class='ocrx_word' id='word_1_293' title='bbox 327 3353 382 3405; x_wconf 86' lang='lat' dir='ltr'><strong>l&#39;cre</strong></span> <span class='ocrx_word' id='word_1_294' title='bbox 397 3363 460 3405; x_wconf 91' lang='lat' dir='ltr'><strong>sunt</strong></span> <span class='ocrx_word' id='word_1_295' title='bbox 477 3352 619 3405; x_wconf 90' lang='lat' dir='ltr'><strong>emendate</strong></span> <span class='ocrx_word' id='word_1_296' title='bbox 634 3352 765 3424; x_wconf 88' lang='lat' dir='ltr'><strong>loquendi</strong></span> <span class='ocrx_word' id='word_1_297' title='bbox 780 3351 972 3423; x_wconf 89' lang='lat' dir='ltr'><strong>scribendique</strong></span> <span class='ocrx_word' id='word_1_298' title='bbox 987 3362 1096 3424; x_wconf 89' lang='lat' dir='ltr'><strong>partes:</strong></span> <span class='ocrx_word' id='word_1_299' title='bbox 1113 3350 1181 3405; x_wconf 91' lang='lat' dir='ltr'><strong>duas</strong></span> <span class='ocrx_word' id='word_1_300' title='bbox 1196 3350 1314 3423; x_wconf 87' lang='lat' dir='ltr'><strong>reliquas</strong></span> <span class='ocrx_word' id='word_1_301' title='bbox 1325 3350 1480 3423; x_wconf 74' lang='lat' dir='ltr'><strong>significan·</strong></span> 
     </span>
     <span class='ocr_line' id='line_1_33' title="bbox 326 3439 1480 3511; baseline 0.001 -19"><span class='ocrx_word' id='word_1_302' title='bbox 326 3452 368 3493; x_wconf 90' lang='lat' dir='ltr'><strong>ter</strong></span> <span class='ocrx_word' id='word_1_303' title='bbox 391 3439 500 3492; x_wconf 84' lang='lat' dir='ltr'><strong>dicendi</strong></span> <span class='ocrx_word' id='word_1_304' title='bbox 522 3450 687 3511; x_wconf 83' lang='lat' dir='ltr'><strong>ornateque,</strong></span> <span class='ocrx_word' id='word_1_305' title='bbox 709 3458 765 3493; x_wconf 92' lang='lat' dir='ltr'><strong>non</strong></span> <span class='ocrx_word' id='word_1_306' title='bbox 791 3439 919 3510; x_wconf 88' lang='lat' dir='ltr'><strong>equidem</strong></span> <span class='ocrx_word' id='word_1_307' title='bbox 943 3441 1126 3510; x_wconf 79' lang='lat' dir='ltr'><strong>grammaticis</strong></span> <span class='ocrx_word' id='word_1_308' title='bbox 1150 3440 1281 3495; x_wconf 83' lang='lat' dir='ltr'><strong>aufero...</strong></span> <span class='ocrx_word' id='word_1_309' title='bbox 1305 3442 1376 3508; x_wconf 77' lang='lat'><strong>[33.]</strong></span> <span class='ocrx_word' id='word_1_310' title='bbox 1399 3440 1480 3494; x_wconf 85' lang='lat' dir='ltr'><strong>Redit</strong></span> 
     </span>
     <span class='ocr_line' id='line_1_34' title="bbox 325 3527 1480 3603; baseline 0.001 -22"><span class='ocrx_word' id='word_1_311' title='bbox 325 3538 415 3581; x_wconf 88' lang='lat' dir='ltr'><strong>autem</strong></span> <span class='ocrx_word' id='word_1_312' title='bbox 432 3527 478 3580; x_wconf 91' lang='lat' dir='ltr'><strong>illa</strong></span> <span class='ocrx_word' id='word_1_313' title='bbox 492 3529 630 3597; x_wconf 80' lang='lat' dir='ltr'><strong>cogitatio,</strong></span> <span class='ocrx_word' id='word_1_314' title='bbox 647 3528 779 3599; x_wconf 91' lang='lat' dir='ltr'><strong>quosdam</strong></span> <span class='ocrx_word' id='word_1_315' title='bbox 796 3527 863 3598; x_wconf 84' lang='lat' dir='ltr'><strong>iore,</strong></span> <span class='ocrx_word' id='word_1_316' title='bbox 881 3531 928 3600; x_wconf 91' lang='lat' dir='ltr'><strong>qui</strong></span> <span class='ocrx_word' id='word_1_317' title='bbox 939 3528 1006 3600; x_wconf 73' lang='lat' dir='ltr'><strong>haec,</strong></span> <span class='ocrx_word' id='word_1_318' title='bbox 1020 3547 1082 3600; x_wconf 77' lang='lat' dir='ltr'><strong>quse</strong></span> <span class='ocrx_word' id='word_1_319' title='bbox 1096 3528 1319 3603; x_wconf 86' lang='lat' dir='ltr'><strong>supradiximus,</strong></span> <span class='ocrx_word' id='word_1_320' title='bbox 1333 3547 1416 3602; x_wconf 85' lang='lat' dir='ltr'><strong>parva</strong></span> <span class='ocrx_word' id='word_1_321' title='bbox 1434 3530 1480 3583; x_wconf 91' lang='lat' dir='ltr'><strong>ni-</strong></span> 
     </span>
     <span class='ocr_line' id='line_1_35' title="bbox 329 3614 1481 3691; baseline 0.003 -23"><span class='ocrx_word' id='word_1_322' title='bbox 329 3617 414 3669; x_wconf 92' lang='lat' dir='ltr'><strong>mium</strong></span> <span class='ocrx_word' id='word_1_323' title='bbox 435 3626 461 3668; x_wconf 89' lang='lat' dir='ltr'><strong>ct</strong></span> <span class='ocrx_word' id='word_1_324' title='bbox 488 3614 683 3687; x_wconf 87' lang='lat' dir='ltr'><strong>impedimenta</strong></span> <span class='ocrx_word' id='word_1_325' title='bbox 702 3633 813 3688; x_wconf 89' lang='lat' dir='ltr'><strong>quoque</strong></span> <span class='ocrx_word' id='word_1_326' title='bbox 831 3619 918 3671; x_wconf 90' lang='lat' dir='ltr'><strong>maius</strong></span> <span class='ocrx_word' id='word_1_327' title='bbox 939 3617 1043 3690; x_wconf 88' lang='lat' dir='ltr'><strong>aliquid</strong></span> <span class='ocrx_word' id='word_1_328' title='bbox 1063 3618 1159 3688; x_wconf 86' lang='lat' dir='ltr'><strong>agendi</strong></span> <span class='ocrx_word' id='word_1_329' title='bbox 1179 3629 1310 3691; x_wconf 90' lang='lat' dir='ltr'><strong>putent...</strong></span> <span class='ocrx_word' id='word_1_330' title='bbox 1332 3620 1400 3688; x_wconf 52' lang='lat' dir='ltr'><strong>[ih]</strong></span> <span class='ocrx_word' id='word_1_331' title='bbox 1428 3617 1481 3672; x_wconf 88' lang='lat' dir='ltr'><strong>Sed</strong></span> 
     </span>
     <span class='ocr_line' id='line_1_36' title="bbox 329 3703 1482 3779; baseline 0.004 -23"><span class='ocrx_word' id='word_1_332' title='bbox 329 3703 414 3757; x_wconf 89' lang='lat' dir='ltr'><strong>nichil</strong></span> <span class='ocrx_word' id='word_1_333' title='bbox 430 3723 463 3757; x_wconf 83' lang='lat' dir='ltr'><strong>ex</strong></span> <span class='ocrx_word' id='word_1_334' title='bbox 479 3705 653 3775; x_wconf 87' lang='lat' dir='ltr'><strong>grammatica</strong></span> <span class='ocrx_word' id='word_1_335' title='bbox 667 3719 756 3774; x_wconf 91' lang='lat' dir='ltr'><strong>nocet,</strong></span> <span class='ocrx_word' id='word_1_336' title='bbox 771 3705 824 3758; x_wconf 91' lang='lat' dir='ltr'><strong>nisi</strong></span> <span class='ocrx_word' id='word_1_337' title='bbox 837 3706 913 3778; x_wconf 91' lang='lat' dir='ltr'><strong>quod</strong></span> <span class='ocrx_word' id='word_1_338' title='bbox 926 3724 1124 3779; x_wconf 78' lang='lat' dir='ltr'><strong>supervacuum</strong></span> <span class='ocrx_word' id='word_1_339' title='bbox 1137 3717 1187 3760; x_wconf 88' lang='lat' dir='ltr'><strong>est.</strong></span> <span class='ocrx_word' id='word_1_340' title='bbox 1202 3709 1244 3760; x_wconf 80' lang='lat' dir='ltr'><strong>hn</strong></span> <span class='ocrx_word' id='word_1_341' title='bbox 1262 3706 1323 3760; x_wconf 89' lang='lat' dir='ltr'><strong>ideo</strong></span> <span class='ocrx_word' id='word_1_342' title='bbox 1339 3709 1430 3761; x_wconf 93' lang='lat' dir='ltr'><strong>minor</strong></span> <span class='ocrx_word' id='word_1_343' title='bbox 1440 3717 1482 3761; x_wconf 90' lang='lat' dir='ltr'><strong>est</strong></span> 
     </span>
     <span class='ocr_line' id='line_1_37' title="bbox 328 3793 1481 3866; baseline 0.002 -18"><span class='ocrx_word' id='word_1_344' title='bbox 328 3795 368 3848; x_wconf 78' lang='lat' dir='ltr'><strong>ll.</strong></span> <span class='ocrx_word' id='word_1_345' title='bbox 385 3796 409 3846; x_wconf 84' lang='grc' dir='ltr'><strong>Τ</strong></span> <span class='ocrx_word' id='word_1_346' title='bbox 411 3793 494 3847; x_wconf 89' lang='lat' dir='ltr'><strong>ullius</strong></span> <span class='ocrx_word' id='word_1_347' title='bbox 509 3803 610 3865; x_wconf 83' lang='lat' dir='ltr'><strong>orator,</strong></span> <span class='ocrx_word' id='word_1_348' title='bbox 626 3794 702 3866; x_wconf 88' lang='lat' dir='ltr'><strong>quod</strong></span> <span class='ocrx_word' id='word_1_349' title='bbox 717 3794 788 3848; x_wconf 92' lang='lat' dir='ltr'><strong>idem</strong></span> <span class='ocrx_word' id='word_1_350' title='bbox 801 3795 866 3850; x_wconf 86' lang='lat' dir='ltr'><strong>artis</strong></span> <span class='ocrx_word' id='word_1_351' title='bbox 881 3794 963 3850; x_wconf 93' lang='lat' dir='ltr'><strong>huius</strong></span> <span class='ocrx_word' id='word_1_352' title='bbox 974 3793 1198 3866; x_wconf 87' lang='lat' dir='ltr'><strong>diligentissimus</strong></span> <span class='ocrx_word' id='word_1_353' title='bbox 1211 3794 1273 3865; x_wconf 90' lang='lat' dir='ltr'><strong>fuit,</strong></span> <span class='ocrx_word' id='word_1_354' title='bbox 1288 3807 1315 3849; x_wconf 90' lang='lat' dir='ltr'><strong>et</strong></span> <span class='ocrx_word' id='word_1_355' title='bbox 1327 3796 1355 3849; x_wconf 93' lang='lat' dir='ltr'><strong>in</strong></span> <span class='ocrx_word' id='word_1_356' title='bbox 1366 3795 1432 3865; x_wconf 83' lang='lat' dir='ltr'><strong>lilio,</strong></span> <span class='ocrx_word' id='word_1_357' title='bbox 1449 3806 1481 3850; x_wconf 90' lang='lat' dir='ltr'><strong>ut</strong></span> 
     </span>
     <span class='ocr_line' id='line_1_38' title="bbox 328 3882 1482 3957; baseline 0.002 -21"><span class='ocrx_word' id='word_1_358' title='bbox 328 3883 452 3957; x_wconf 87' lang='lat' dir='ltr'><strong>epistolis</strong></span> <span class='ocrx_word' id='word_1_359' title='bbox 466 3895 587 3955; x_wconf 86' lang='lat' dir='ltr'><strong>apparet,</strong></span> <span class='ocrx_word' id='word_1_360' title='bbox 603 3894 675 3937; x_wconf 88' lang='lat' dir='ltr'><strong>recte</strong></span> <span class='ocrx_word' id='word_1_361' title='bbox 690 3882 820 3956; x_wconf 89' lang='lat' dir='ltr'><strong>loquendi</strong></span> <span class='ocrx_word' id='word_1_362' title='bbox 833 3902 912 3956; x_wconf 88' lang='lat' dir='ltr'><strong>asper</strong></span> <span class='ocrx_word' id='word_1_363' title='bbox 925 3902 1036 3956; x_wconf 90' lang='lat' dir='ltr'><strong>quoqne</strong></span> <span class='ocrx_word' id='word_1_364' title='bbox 1045 3891 1173 3938; x_wconf 78' lang='lat' dir='ltr'><strong>exactor?</strong></span> <span class='ocrx_word' id='word_1_365' title='bbox 1183 3886 1224 3937; x_wconf 80' lang='lat' dir='ltr'><strong>An</strong></span> <span class='ocrx_word' id='word_1_366' title='bbox 1234 3886 1286 3937; x_wconf 80' lang='lat' dir='ltr'><strong>vim</strong></span> <span class='ocrx_word' id='word_1_367' title='bbox 1300 3885 1412 3938; x_wconf 72' lang='lat' dir='ltr'><strong>Caesaris</strong></span> <span class='ocrx_word' id='word_1_368' title='bbox 1427 3884 1482 3938; x_wconf 86' lang='lat' dir='ltr'><strong>fre-</strong></span> 
     </span>
     <span class='ocr_line' id='line_1_39' title="bbox 325 3971 1481 4044; baseline -0.001 -18"><span class='ocrx_word' id='word_1_369' title='bbox 325 3983 425 4041; x_wconf 80' lang='lat' dir='ltr'><strong>gerunt</strong></span> <span class='ocrx_word' id='word_1_370' title='bbox 439 3973 506 4026; x_wconf 87' lang='lat' dir='ltr'><strong>editi</strong></span> <span class='ocrx_word' id='word_1_371' title='bbox 521 3973 552 4026; x_wconf 84' lang='lat' dir='ltr'><strong>de</strong></span> <span class='ocrx_word' id='word_1_372' title='bbox 566 3971 705 4043; x_wconf 76' lang='lat' dir='ltr'><strong>Arrulogia</strong></span> <span class='ocrx_word' id='word_1_373' title='bbox 716 3972 796 4025; x_wconf 86' lang='lat' dir='ltr'><strong>libri?</strong></span> <span class='ocrx_word' id='word_1_374' title='bbox 814 3974 880 4041; x_wconf 83' lang='lat'><strong>[35.]</strong></span> <span class='ocrx_word' id='word_1_375' title='bbox 893 3975 948 4027; x_wconf 79' lang='lat' dir='ltr'><strong>Aut</strong></span> <span class='ocrx_word' id='word_1_376' title='bbox 961 3973 1024 4027; x_wconf 92' lang='lat' dir='ltr'><strong>ideo</strong></span> <span class='ocrx_word' id='word_1_377' title='bbox 1043 3975 1134 4026; x_wconf 92' lang='lat' dir='ltr'><strong>minus</strong></span> <span class='ocrx_word' id='word_1_378' title='bbox 1152 3972 1265 4026; x_wconf 83' lang='lat' dir='ltr'><strong>Messala</strong></span> <span class='ocrx_word' id='word_1_379' title='bbox 1283 3973 1396 4044; x_wconf 87' lang='lat' dir='ltr'><strong>nitidus,</strong></span> <span class='ocrx_word' id='word_1_380' title='bbox 1416 3974 1481 4044; x_wconf 90' lang='lat' dir='ltr'><strong>quia</strong></span> 
     </span>
     <span class='ocr_line' id='line_1_40' title="bbox 325 4060 1481 4133; baseline 0.001 -20"><span class='ocrx_word' id='word_1_381' title='bbox 325 4062 461 4133; x_wconf 75' lang='lat' dir='ltr'><strong>qumdam</strong></span> <span class='ocrx_word' id='word_1_382' title='bbox 475 4074 548 4115; x_wconf 91' lang='lat' dir='ltr'><strong>totos</strong></span> <span class='ocrx_word' id='word_1_383' title='bbox 568 4060 675 4115; x_wconf 89' lang='lat' dir='ltr'><strong>libellos</strong></span> <span class='ocrx_word' id='word_1_384' title='bbox 690 4080 743 4115; x_wconf 94' lang='lat' dir='ltr'><strong>non</strong></span> <span class='ocrx_word' id='word_1_385' title='bbox 760 4063 848 4115; x_wconf 76' lang='lat' dir='ltr'><strong>serbis</strong></span> <span class='ocrx_word' id='word_1_386' title='bbox 863 4062 945 4115; x_wconf 89' lang='lat' dir='ltr'><strong>modo</strong></span> <span class='ocrx_word' id='word_1_387' title='bbox 958 4062 1080 4131; x_wconf 84' lang='lat' dir='ltr'><strong>singulis,</strong></span> <span class='ocrx_word' id='word_1_388' title='bbox 1096 4061 1142 4115; x_wconf 87' lang='lat' dir='ltr'><strong>sed</strong></span> <span class='ocrx_word' id='word_1_389' title='bbox 1167 4062 1247 4114; x_wconf 89' lang='lat' dir='ltr'><strong>etiam</strong></span> <span class='ocrx_word' id='word_1_390' title='bbox 1267 4061 1365 4115; x_wconf 86' lang='lat' dir='ltr'><strong>litteris</strong></span> <span class='ocrx_word' id='word_1_391' title='bbox 1385 4061 1481 4115; x_wconf 79' lang='lat' dir='ltr'><strong>dedit?</strong></span> 
     </span>
     <span class='ocr_line' id='line_1_41' title="bbox 326 4149 1424 4224; baseline 0.001 -21"><span class='ocrx_word' id='word_1_392' title='bbox 326 4153 385 4205; x_wconf 77' lang='lat' dir='ltr'><strong>Non</strong></span> <span class='ocrx_word' id='word_1_393' title='bbox 401 4153 511 4203; x_wconf 85' lang='lat' dir='ltr'><strong>obstant</strong></span> <span class='ocrx_word' id='word_1_394' title='bbox 528 4149 568 4202; x_wconf 85' lang='lat' dir='ltr'><strong>hae</strong></span> <span class='ocrx_word' id='word_1_395' title='bbox 582 4150 733 4223; x_wconf 78' lang='lat' dir='ltr'><strong>discipliuae</strong></span> <span class='ocrx_word' id='word_1_396' title='bbox 747 4169 796 4224; x_wconf 84' lang='lat' dir='ltr'><strong>per</strong></span> <span class='ocrx_word' id='word_1_397' title='bbox 809 4150 867 4204; x_wconf 88' lang='lat' dir='ltr'><strong>illas</strong></span> <span class='ocrx_word' id='word_1_398' title='bbox 879 4152 1019 4222; x_wconf 81' lang='lat' dir='ltr'><strong>etrrrtibus,</strong></span> <span class='ocrx_word' id='word_1_399' title='bbox 1032 4150 1077 4203; x_wconf 89' lang='lat' dir='ltr'><strong>sed</strong></span> <span class='ocrx_word' id='word_1_400' title='bbox 1093 4152 1165 4203; x_wconf 87' lang='lat' dir='ltr'><strong>cirea</strong></span> <span class='ocrx_word' id='word_1_401' title='bbox 1181 4150 1239 4203; x_wconf 90' lang='lat' dir='ltr'><strong>illas</strong></span> <span class='ocrx_word' id='word_1_402' title='bbox 1249 4150 1424 4204; x_wconf 81' lang='lat' dir='ltr'><strong>haerentibus.</strong></span> 
     </span>
    </p>
   </div>
   <div class='ocr_carea' id='block_1_4' title="bbox 325 4346 1482 4475">
    <p class='ocr_par' dir='ltr' id='par_1_9' title="bbox 325 4346 1482 4475">
     <span class='ocr_line' id='line_1_42' title="bbox 361 4346 1482 4415; baseline 0.005 -20"><span class='ocrx_word' id='word_1_403' title='bbox 361 4354 383 4397; x_wconf 94' lang='grc'><strong>1.</strong></span> <span class='ocrx_word' id='word_1_404' title='bbox 407 4353 496 4397; x_wconf 73' lang='lat' dir='ltr'><strong>Atatem</strong></span> <span class='ocrx_word' id='word_1_405' title='bbox 510 4366 523 4398; x_wconf 88' lang='lat' dir='ltr'><strong>a</strong></span> <span class='ocrx_word' id='word_1_406' title='bbox 538 4348 576 4399; x_wconf 74' lang='lat' dir='ltr'><strong>ite</strong></span> <span class='ocrx_word' id='word_1_407' title='bbox 598 4349 643 4398; x_wconf 87' lang='lat' dir='ltr'><strong>mis</strong></span> <span class='ocrx_word' id='word_1_408' title='bbox 656 4365 699 4415; x_wconf 85' lang='lat' dir='ltr'><strong>par</strong></span> <span class='ocrx_word' id='word_1_409' title='bbox 714 4348 742 4399; x_wconf 88' lang='lat' dir='ltr'><strong>E.</strong></span> <span class='ocrx_word' id='word_1_410' title='bbox 756 4349 786 4399; x_wconf 86' lang='lat' dir='ltr'><strong>de</strong></span> <span class='ocrx_word' id='word_1_411' title='bbox 798 4347 854 4399; x_wconf 65' lang='lat' dir='ltr'><strong>lli</strong></span> <span class='ocrx_word' id='word_1_412' title='bbox 872 4347 894 4397; x_wconf 87' lang='lat' dir='ltr'><strong>la</strong></span> <span class='ocrx_word' id='word_1_413' title='bbox 909 4347 977 4415; x_wconf 87' lang='lat' dir='ltr'><strong>place</strong></span> <span class='ocrx_word' id='word_1_414' title='bbox 996 4347 1027 4397; x_wconf 89' lang='lat' dir='ltr'><strong>de</strong></span> <span class='ocrx_word' id='word_1_415' title='bbox 1041 4365 1104 4411; x_wconf 81' lang='lat' dir='ltr'><strong>cero,</strong></span> <span class='ocrx_word' id='word_1_416' title='bbox 1120 4346 1161 4412; x_wconf 88' lang='lat' dir='ltr'><strong>qui</strong></span> <span class='ocrx_word' id='word_1_417' title='bbox 1177 4354 1213 4397; x_wconf 88' lang='lat' dir='ltr'><strong>est</strong></span> <span class='ocrx_word' id='word_1_418' title='bbox 1231 4346 1292 4397; x_wconf 82' lang='lat' dir='ltr'><strong>dans</strong></span> <span class='ocrx_word' id='word_1_419' title='bbox 1316 4347 1339 4397; x_wconf 85' lang='lat' dir='ltr'><strong>le</strong></span> <span class='ocrx_word' id='word_1_420' title='bbox 1355 4347 1400 4398; x_wconf 81' lang='lat' dir='ltr'><strong>tts.</strong></span> <span class='ocrx_word' id='word_1_421' title='bbox 1415 4350 1482 4401; x_wconf 87' lang='lat' dir='ltr'><strong>lllll</strong></span> 
     </span>
     <span class='ocr_line' id='line_1_43' title="bbox 325 4424 563 4475; baseline 0.021 -5"><span class='ocrx_word' id='word_1_422' title='bbox 325 4432 348 4471; x_wconf 76' lang='lat' dir='ltr'><strong>et</strong></span> <span class='ocrx_word' id='word_1_423' title='bbox 359 4424 418 4473; x_wconf 84' lang='lat' dir='ltr'><strong>daus</strong></span> <span class='ocrx_word' id='word_1_424' title='bbox 430 4424 463 4473; x_wconf 88' lang='lat' dir='ltr'><strong>les</strong></span> <span class='ocrx_word' id='word_1_425' title='bbox 474 4434 563 4475; x_wconf 79' lang='lat' dir='ltr'><strong>autres.</strong></span> 
     </span>
    </p>
   </div>
   <div class='ocr_carea' id='block_1_5' title="bbox 0 0 1635 5340">
    <p class='ocr_par' dir='ltr' id='par_1_10' title="bbox 0 0 1635 5340">
     <span class='ocr_line' id='line_1_44' title="bbox 0 0 1635 5340; baseline 0 0"><span class='ocrx_word' id='word_1_426' title='bbox 0 0 1635 5340; x_wconf 95' lang='lat' dir='ltr'><strong> </strong></span> 
     </span>
    </p>
   </div>
  </div>
 </body>
</html>
