3248 5340
466 510 571 566 msr.
596 511 780 567 oul'rou.
807 511 884 565 tro.
911 511 938 577 1,
966 517 1013 566 ιο.
1263 519 1309 570 ιιι
1400 506 1403 511 ’

159 679 303 736 oratore
326 687 392 734 uec
407 662 477 734 diei
498 663 584 733 citra
607 661 790 733 scientiam
808 662 958 733 musices
976 677 1107 759 potest,
1127 664 1313 760 quomodo

161 809 234 855 non
263 783 357 854 hunc
385 797 661 879 quoqueartem
691 783 926 853 necessarium
960 806 1034 852 esse
1060 784 1161 880 operi
1191 799 1313 856 nostro

159 904 215 974 vel
241 901 352 1000 iniqui
372 902 618 973 consentient?

207 1028 247 1093 ln
259 1028 458 1117 geometria
480 1035 619 1119 purtem
639 1021 796 1091 fatentur
813 1044 887 1092 esse
902 1022 1024 1093 utilem
1054 1025 1183 1094 teneris
1199 1026 1310 1095 retati·
1340 1042 1379 1101 34

108 1170 123 1213 ι
159 1143 238 1214 bus.
260 1144 391 1237 Agituri
419 1165 576 1237 namque
599 1141 753 1230 animm,
768 1155 803 1211 et
822 1144 901 1212 acui
921 1142 1076 1236 ingenia,
1096 1158 1131 1214 et
1155 1144 1314 1216 celerita-

160 1279 231 1334 tem
266 1261 490 1359 percipiendi
515 1261 637 1331 venire
662 1259 747 1331 inde
771 1261 979 1333 concedunt
1011 1289 1019 1334 z
1051 1262 1114 1334 sed
1145 1263 1313 1360 prodesse

160 1407 238 1452 eum
259 1407 332 1452 non
365 1397 402 1453 ιιι
430 1396 564 1452 ceteras
588 1394 695 1469 artes,
719 1405 801 1451 curn
823 1396 1001 1478 perceptor
1034 1383 1118 1471 sint,
1145 1381 1208 1453 sed
1229 1409 1311 1454 curu

160 1501 329 1587 discatur,
355 1502 594 1572 existimant:
633 1524 674 1571 eu
704 1499 857 1594 vulgaris
885 1501 1012 1597 opinio
1037 1517 1100 1575 est.
1134 1507 1205 1572 Nec
1236 1504 1312 1574 sine
1341 1520 1379 1579 35

160 1647 263 1691 causo
283 1622 415 1692 summi
432 1621 497 1691 riri
517 1621 623 1691 etium
648 1620 848 1717 impensam
877 1620 961 1692 huic
980 1622 1078 1692 scien
1088 1622 1145 1692 tier
1164 1647 1312 1719 operam

105 1761 133 1805 10
160 1741 351 1814 dederunt.
373 1746 462 1811 Num
477 1764 559 1810 cum
573 1741 617 1810 sit
634 1744 828 1835 geometria
843 1738 953 1811 divisa
967 1741 1003 1811 in
1021 1766 1192 1812 numeros
1205 1756 1313 1839 atque

162 1862 306 1948 formas,
335 1884 571 1931 numerorum
595 1858 743 1957 quidem
772 1861 895 1931 notitia
922 1886 995 1931 non
1026 1862 1160 1932 oratori
1185 1862 1313 1950 modu,

160 1980 221 2052 sed
246 1981 448 2077 cuicunque
471 1980 597 2077 primis
626 1979 751 2050 saltem
787 1979 911 2051 litteris
939 1979 1080 2052 erudito
1116 1983 1313 2053 necessuriu

161 2120 225 2176 est.
256 2109 293 2174 ln
319 2105 432 2174 causis
451 2127 537 2174 vero
563 2101 621 2172 vel
650 2103 937 2200 frequentissime
959 2105 1089 2175 versari
1111 2104 1202 2176 solet
1240 2133 1247 2175 :
1277 2106 1313 2176 in

161 2223 292 2320 quibus
318 2238 432 2312 actor,
465 2248 539 2293 non
565 2221 662 2312 dicu,
694 2224 722 2293 si
747 2224 841 2294 circa
871 2248 1029 2295 summus
1058 2225 1227 2322 trepidat,
1252 2224 1314 2295 sed

120 2371 129 2410 .·
161 2345 188 2413 si
214 2342 409 2437 digitorum
435 2341 560 2412 saltem
592 2343 731 2414 incerto
761 2358 826 2414 aut
850 2342 1024 2415 indecoro
1055 2361 1153 2438 gestu
1176 2371 1196 2415 a
1217 2370 1315 2415 com·

197 2567 223 2618 3.
240 2564 410 2616 consentient
433 2563 550 2629 :eodd.;
576 2565 750 2617 consentiunt
775 2583 782 2616 ι
806 2568 951 2632 Bur-marm,
971 2565 1057 2621 Hack.
1073 2596 1109 2607 -
1130 2569 1154 2618 5.
1172 2576 1198 2619 et
1222 2567 1284 2619 acui
1308 2585 1313 2621 :

161 2652 253 2721 rodd.;
271 2662 352 2724 atque
367 2653 428 2705 aeui
449 2670 456 2705 :
472 2653 595 2717 recedam
616 2652 676 2706 edd.
691 2685 728 2694 -
742 2654 768 2708 8.
782 2672 813 2706 ea
829 2653 951 2725 vulgaris
965 2673 970 2709 :
980 2653 1056 2722 sorte
1071 2657 1098 2707 A
1121 2663 1148 2707 ιι
1164 2673 1190 2707 ιιι
1207 2663 1233 2706 et
1249 2655 1307 2708 edd.

162 2761 228 2811 tres,
245 2741 272 2794 id
288 2741 405 2811 vulgaris
420 2761 429 2795 .·
444 2741 522 2795 codd.
537 2759 626 2795 orienes
640 2752 665 2795 rt
686 2745 709 2795 A
730 2743 758 2795 ιἰι
782 2760 850 2810 rus„
868 2742 929 2798 edd.
949 2752 1013 2799 mit.
1036 2774 1072 2785 -
1093 2763 1135 2798 ru.
1155 2745 1252 2817 primis
1266 2744 1317 2797 sul·

162 2840 216 2881 tem
233 2847 240 2882 ε
256 2833 291 2887 Ζ;
306 2830 401 2883 saltem
417 2831 512 2902 primis
523 2832 569 2899 2A,
586 2834 691 2898 liorem,
707 2829 801 2882 Halm.

162 3023 341 3089 resiaccepter
352 3032 416 3072 cette
428 3024 575 3083 correction,
589 3039 720 3088 parceque
758 3038 803 3072 son
826 3022 925 3072 eurieux
959 3023 1070 3088 elupitre
1092 3024 1188 3074 intituli
1213 3042 1218 3076 :
1250 3029 1317 3078 ulle

161 3100 261 3166 ponium
272 3107 308 3147 ert
324 3114 372 3147 une
382 3098 522 3163 expression
543 3097 675 3162 terlmique
685 3098 718 3146 du
762 3118 773 3142 ιι
793 3097 931 3146 differentia
942 3097 1117 3160 dritlrmetieoe,
1133 3099 1278 3150 Geometrioe
1291 3111 1316 3151 et

164 3176 264 3239 langege
282 3173 324 3222 dee
337 3172 456 3230 rheteurs,
473 3173 515 3239 qui
530 3172 583 3221 doit
594 3175 647 3222 dtre
655 3172 719 3238 prise
763 3194 775 3216 ιι
796 3171 892 3221 llusiere
910 3173 935 3221 in
951 3173 1030 3222 medio
1050 3173 1197 3223 inveniendo
1216 3192 1316 3241 propor-

163 3249 195 3298 im
200 3248 431 3314 personnellement.
762 3268 772 3293 ι
787 3248 855 3297 tione
863 3248 1017 3309 arilrmetiee,
1026 3250 1182 3314 geometrica,
1190 3251 1290 3303 musica.
1300 3274 1314 3300 ιι

198 3327 224 3374 3.
245 3324 408 3372 Consenrient.
428 3349 461 3361 -
473 3323 507 3373 Le
528 3323 595 3373 lutm
611 3322 719 3390 exprime
760 3323 833 3389 (lbid.
847 3323 880 3385 ll,
893 3327 931 3387 11).

163 3399 274 3449 nneidee
290 3398 463 3448 d'ailirmation
479 3400 535 3465 plur
551 3399 654 3464 positive
671 3414 719 3464 que
796 3402 835 3449 15.
846 3399 986 3467 Digitorum
992 3400 1242 3467 gerim-LesGrees
1250 3406 1316 3455 etlee

164 3475 186 3523 le
202 3474 336 3539 subjunctis
354 3474 474 3523 iutroduit
489 3491 533 3540 par
553 3475 678 3524 Burmann
694 3484 719 3523 et
761 3478 877 3528 Romaim
889 3479 985 3528 avaient
998 3496 1031 3529 un
1046 3480 1316 3548 systemeepitialpour

162 3549 251 3615 adepte
274 3565 318 3616 par
335 3550 451 3614 quelques
468 3549 583 3600 editeurs.
760 3554 884 3620 exprimet
894 3565 948 3605 tous
958 3556 992 3605 lea
1001 3557 1115 3607 nombrer
1125 3573 1169 3624 par
1182 3557 1205 3606 le
1218 3574 1317 3609 moure·

199 3630 239 3675 10.
248 3625 385 3674 Geomerria
394 3623 482 3675 divisa.
495 3653 526 3663 -
539 3625 578 3676 Cl.
592 3624 612 3685 1,
624 3629 663 3684 ld.
676 3628 718 3675 tt.
760 3639 828 3679 ment
838 3640 862 3680 et
875 3631 910 3680 les
924 3631 1030 3681 diverses
1043 3632 1162 3698 positione
1172 3633 1202 3682 de
1216 3634 1237 3683 la
1250 3635 1316 3684 main

163 3700 297 3762 Quintilien
322 3701 470 3766 eompreud,
497 3717 553 3751 sous
572 3700 595 3750 le
612 3716 670 3750 nom
691 3700 721 3749 de
760 3714 783 3754 et
801 3706 844 3755 des
860 3706 937 3770 doigtr
952 3706 1000 3771 (Cf.
1024 3708 1064 3770 xl,
1086 3711 1110 3768 3,
1130 3712 1172 3770 86,
1188 3715 1231 3771 92,
1248 3713 1316 3773 111),

162 3778 307 3842 geome'uie,
318 3776 339 3825 la
350 3775 481 3841 geometrie
488 3785 644 3843 proprement
659 3776 719 3838 dite,
761 3781 966 3848 §proposduquel
977 3783 1067 3832 Gruter
1077 3784 1253 3851 (Suspicionem
1264 3783 1312 3834 lib.

164 3851 356 3917 l'arithmitique
375 3861 398 3903 et
422 3852 596 3902 l’artronomie.
617 3850 721 3902 Cicerou
760 3859 781 3919 l,
803 3858 857 3921 8)ιι
879 3856 949 3905 renni
969 3873 1018 3906 nue
1033 3858 1141 3907 certaine
1158 3858 1270 3923 quantine
1287 3861 1318 3909 de

163 3928 240 3978 divise
254 3928 277 3977 la
290 3926 421 3993 geometrie
437 3928 575 3978 elle-meme
591 3944 622 3977 eu
636 3937 722 3993 quatre
762 3947 871 4000 passages
883 3931 1041 3981 treecurieux
1054 3932 1084 3982 de
1094 3932 1189 3994 Plauto,
1202 3932 1314 3991 donne.

164 4005 255 4068 parties
276 4002 452 4063 :lineamentm
466 4004 564 4071 forme,
579 4002 722 4066 intervallo,
762 4009 793 4058 de
812 4007 933 4074 seneque,
952 4007 983 4056 de
1002 4006 1080 4069 Pline,
1104 4008 1135 4058 de
1152 4007 1267 4069 Suetone,
1287 4011 1318 4060 de

163 4077 342 4146 magnitudines
370 4080 411 4143 (de
439 4079 507 4130 Orat.
533 4078 555 4142 l,
582 4083 624 4141 42,
656 4082 721 4141 181).
762 4080 887 4142 lleerobe,
906 4080 937 4130 de
956 4080 1056 4131 Latinus
1075 4081 1187 4143 Pacatus,
1206 4082 1236 4131 de
1252 4084 1318 4134 seint

165 4152 257 4203 isidore
281 4156 312 4203 de
340 4154 430 4205 stulte
453 4156 489 4205 dit
512 4171 518 4205 :
549 4153 724 4206 uGeometrire
763 4156 882 4222 Augustini
903 4156 971 4205 etde
993 4156 1126 4207 Martianus
1144 4158 1251 4224 Capella.
1279 4160 1317 4210 [ιι

165 4249 178 4271 ιι
197 4229 372 4294 quadripartita
394 4230 483 4280 divisio
501 4240 548 4289 est,
571 4229 722 4298 inpiorum,
763 4240 848 4281 serant
870 4231 956 4281 italien
978 4232 1011 4280 du
1029 4232 1140 4283 eeiziime
1158 4233 1239 4296 siecle,
1254 4234 1317 4284 Lilio

165 4323 177 4345 ιι
206 4303 232 4352 in
261 4304 452 4370 magnitudinem
481 4303 668 4366 numerabilem,
699 4305 724 4355 iu
768 4306 867 4372 Gyraldi
887 4305 1065 4375 (Dialogismus
1087 4313 1126 4369 11,
1143 4306 1174 4358 de
1191 4326 1277 4358 neonus
1292 4319 1316 4359 et

167 4397 177 4420 ιι
198 4377 391 4445 maguitudiuem
403 4378 573 4430 rationabilem
592 4390 617 4431 et
626 4381 651 4430 in
659 4380 725 4448 figu-
765 4380 900 4449 digitorum
923 4381 1058 4432 nominibus
1077 4381 1153 4452 deque
1175 4383 1319 4434 uurneraudi

163 4475 175 4498 ι
198 4470 239 4501 ras
260 4452 363 4503 solidas.
382 4477 394 4499 ιι
413 4455 492 4521 (orig.
513 4456 546 4519 11,
572 4455 612 4521 11)
632 4484 661 4493 -
685 4455 722 4506 Cf.
764 4458 986 4524 percontatione),
997 4459 1239 4510 nousrlonneruree
1255 4461 1317 4528 eujet
