3248 5340
439 512 547 568 lNST.
577 513 763 569 ORATOR.
789 513 873 568 Llll.
900 515 927 579 Ι,
954 520 1002 570 ΙΙ.
1249 525 1297 576 151

141 662 248 734 etiam
270 662 477 761 palaestricis
494 678 726 735 vacaverunt.
749 668 828 735 Non
849 662 894 736 de
916 663 973 736 his
994 665 1139 763 loquor,
1170 669 1301 766 quibus

141 806 225 879 pars
238 782 318 853 vitae
334 784 371 854 in
385 783 480 874 oleo,
504 809 586 882 pars
602 785 638 855 in
658 784 743 855 vino
763 785 999 872 cousumitur,
1022 787 1085 883 qui
1105 811 1301 885 corporum

142 927 227 974 cura
254 918 413 975 mentem
431 903 633 976 obruerunt
657 903 736 998 (lios
760 905 857 975 enim
875 903 998 977 abesse
1027 906 1075 978 ab
1102 932 1161 997 eo,
1191 933 1299 1005 quem

142 1027 379 1117 instituimus,
413 1054 522 1124 quam
555 1027 758 1123 longissime
785 1028 907 1125 velim)
942 1056 951 1100 ι
984 1029 1046 1101 sed
1084 1057 1216 1104 nomen
1249 1050 1302 1106 est
1330 1057 1368 1116 {6

100 1172 115 1215 s
142 1146 239 1218 idem
265 1148 321 1237 iis,
347 1173 367 1218 a
393 1148 524 1245 quibus
546 1164 662 1244 gestus
684 1164 877 1245 motusque
900 1149 1116 1243 formantur,
1140 1169 1177 1225 ut
1204 1170 1300 1226 recta

141 1268 212 1338 sint
233 1266 393 1358 braclria,
414 1292 460 1338 ne
485 1267 652 1358 indoctae,
674 1269 813 1340 rusticae
836 1294 977 1359 manus,
997 1295 1043 1341 ne
1061 1286 1171 1343 status
1197 1273 1300 1345 inde-

142 1410 260 1478 corus,
292 1412 337 1459 ne
363 1412 431 1485 qua
457 1388 493 1457 in
523 1387 748 1485 proferendis
772 1386 926 1485 pedibus
945 1390 1099 1479 inscitia,
1121 1416 1167 1462 ne
1188 1407 1300 1490 caput

142 1507 308 1604 oculique
340 1507 387 1578 ab
419 1507 488 1578 alia
524 1508 687 1605 corporis
715 1507 946 1580 inclinatione
973 1508 1180 1582 dissideant.
1211 1517 1299 1583 Nam
1329 1526 1367 1584 t't

144 1651 260 1723 neque
285 1627 362 1699 haec
385 1652 461 1700 esse
480 1629 516 1699 in
545 1642 646 1726 parte
665 1629 970 1725 pronuntiationis
998 1632 1179 1725 negaverit
1204 1633 1299 1729 quis·

86 1771 116 1815 to
142 1773 265 1845 quam,
283 1773 400 1846 neque
415 1750 529 1846 ipsam
544 1749 878 1847 pronuntiationem
893 1748 940 1820 ab
954 1766 1097 1823 oratore
1115 1767 1297 1824 secernet:

142 1880 179 1939 et
212 1883 321 1958 certe,
349 1868 446 1967 quod
478 1868 596 1940 lacere
629 1883 815 1965 oporteat,
854 1895 926 1941 non
961 1869 1222 1966 indignandum
1249 1889 1301 1944 est

142 1988 293 2077 discere,
329 2014 413 2060 cum
450 1989 646 2086 praesertim
682 1988 758 2060 haec
790 1988 1023 2079 chironomia,
1054 2015 1135 2088 quae
1167 2008 1219 2063 est
1245 1994 1299 2090 (ut

141 2111 288 2181 nomine
304 2111 382 2206 ipso
397 2108 610 2201 declaratur)
635 2108 690 2179 lex
713 2124 844 2203 gestus,
872 2125 907 2181 et
924 2108 971 2181 ab
991 2110 1057 2182 illis
1076 2111 1299 2210 temporibus

139 2229 294 2300 heroicis
315 2243 393 2300 orta
423 2228 480 2316 sit,
512 2243 547 2298 et
571 2252 591 2297 a
613 2230 762 2300 summis
794 2230 938 2301 Graeciae
963 2231 1060 2321 viris,
1085 2246 1121 2302 et
1146 2231 1193 2302 ab
1220 2233 1298 2330 ipso

182 2459 204 2493 1.
223 2439 382 2514 palaestricis
398 2443 452 2511 :Z3
471 2440 652 2512 palaestritis:
673 2443 743 2514 conj.
759 2440 867 2516 spata,
889 2441 1030 2515 palestinis
1050 2458 1059 2498 t
1080 2444 1114 2499 N.
1135 2474 1170 2483 -
1188 2462 1297 2498 vacave-

141 2540 207 2584 runt
225 2549 233 2587 :
250 2529 349 2598 codd,
369 2531 523 2584 vacaverint
541 2549 547 2586 :
568 2532 637 2588 aad.
656 2540 684 2585 et
702 2530 761 2586 edd.
777 2540 878 2606 poster.
892 2563 929 2573 -
946 2553 971 2588 2.
983 2550 1135 2604 corporum
1159 2549 1166 2588 :
1182 2533 1259 2588 codd.
1273 2543 1298 2587 et
1396 2551 1401 2558 ·

137 2619 247 2695 pracip.
262 2618 333 2689 edd,
351 2620 476 2691 corporis
492 2620 701 2692 :Bad.,Huck.,
714 2620 834 2694 Biporrt„
850 2623 935 2675 Stoer.
952 2624 1019 2678 -3.
1032 2621 1176 2676 obruerint
1192 2644 1198 2679 :
1215 2625 1247 2678 C.
1263 2654 1298 2665 -

141 2710 164 2761 5.
181 2708 336 2762 formantur
355 2724 363 2763 ε
378 2711 401 2761 Α
416 2711 478 2762 Prat
493 2710 554 2772 PC,
572 2709 654 2781 7725,
665 2729 749 2780 77273
766 2707 902 2763 formatur
918 2711 987 2766 :BN
999 2712 1024 2762 T
1036 2714 1056 2764 F
1070 2711 1128 2765 GM
1146 2713 1174 2781 S,
1191 2716 1296 2786 Camp„

142 2798 203 2854 Otr.
220 2801 292 2854 -6,
309 2799 417 2852 rusticae
433 2815 554 2851 manus:
575 2797 664 2868 codd,
678 2796 803 2867 aalide
821 2800 962 2852 rusticare
981 2817 1078 2853 luanus
1098 2801 1185 2856 :Atat
1201 2811 1293 2856 etcett.

139 2887 199 2940 edd.
212 2895 309 2961 prretcr
324 2886 416 2939 Halm.
430 2904 503 2955 —9.
518 2885 575 2938 hoec
592 2902 599 2937 ε
615 2884 842 2957 arc,a1e‹tiot.,
863 2888 967 2960 eantp,
983 2882 1079 2959 Boniti,
1097 2886 1198 2959 Halm3
1216 2891 1269 2943 hoc
1288 2910 1294 2943 :

140 2980 170 3031 Z.
185 3008 221 3016 -
239 2996 281 3030 ια.
298 2987 328 3029 ut
344 2976 456 3027 nomine
470 2994 476 3028 :
488 2977 554 3043 AZ3
573 2973 745 3027 innomine:
760 2976 781 3026 Β
796 2975 829 3045 N,
844 2994 928 3046 77273
944 2985 975 3027 ut
988 2977 1070 3028 etiam
1090 2995 1096 3028 :
1113 2977 1198 3049 Goth,
1214 2982 1294 3049 77²5·

141 3095 176 3104 —
194 3073 234 3129 14.
255 3076 281 3117 et
293 3062 329 3115 ab
344 3065 404 3135 ipso
424 3078 431 3116 ε
448 3063 503 3114 ΒΝ
522 3063 660 3132 PCetZ3
674 3072 757 3134 atque
771 3063 830 3134 ipso
845 3065 894 3132 :A,
911 3061 1005 3118 Hatra.

173 3241 198 3287 ’2.
207 3235 696 3305 θονρονιυησιινα.-Ροιιῑ-ἑῑηΙ.Βο(Ιε
736 3235 824 3287 mitre
833 3235 864 3285 dc
871 3235 974 3303 palestre
989 3251 1052 3303 pour
1061 3238 1123 3288 aller
1133 3237 1229 3289 ensuite
1236 3238 1295 3290 cher

138 3313 204 3363 a-t-il
216 3311 337 3378 temptaret
352 3328 481 3379 corporum
501 3327 545 3379 par
556 3311 666 3378 corporis
681 3312 694 3361 Ι
735 3311 937 3378 legrammairicn
946 3312 1037 3376 (Plaut.
1053 3310 1293 3380 aurolentam),

137 3404 209 3438 cause
232 3388 263 3437 de
285 3397 401 3450 mentem
416 3386 476 3437 maia
502 3403 530 3437 ce
548 3386 633 3437 n't'etait
651 3403 695 3453 pus
734 3395 758 3437 et
778 3402 804 3437 re
825 3385 906 3438 scierit
926 3387 1003 3452 gleire
1022 3389 1053 3438 de
1073 3389 1161 3440 brillcr
1180 3390 1240 3440 dam
1260 3391 1294 3443 lea

139 3463 282 3515 nticeasrire.
733 3460 855 3513 exercices
878 3462 1009 3530 physiques
1020 3465 1082 3515 aurai
1101 3465 1159 3515 bien
1170 3483 1218 3532 que
1234 3467 1295 3518 dura

172 3543 196 3590 Ι.
213 3536 263 3589 Sed
271 3556 357 3587 nomen
369 3548 405 3587 est
420 3537 492 3588 idem.
504 3568 536 3577 -
552 3538 571 3589 ll
582 3555 598 3605 y
608 3538 693 3589 nveiti
733 3537 767 3587 lea
786 3537 907 3588 exercitae·
933 3538 1101 3591 intellecturis.
1122 3542 1226 3607 (Catul,
1250 3547 1293 3608 ⁶³,

138 3614 215 3665 llome
228 3616 291 3665 deux
301 3624 379 3664 sortes
393 3616 423 3664 de
430 3613 553 3684 palestrae
565 3633 570 3663 ε
581 3614 642 3665 celle
651 3614 692 3680 qui
733 3615 787 3677 60.)

138 3690 228 3740 serrait
240 3692 253 3740 Ι
264 3689 409 3741 l’education
420 3690 462 3740 dea
471 3690 584 3752 athletos,
595 3699 620 3740 ct
632 3689 693 3741 celle
764 3694 789 3738 6.
800 3686 1016 3748 Indoctae,rusticae
1026 3708 1122 3742 mauras.
1135 3692 1292 3762 —Spalding

138 3766 180 3830 qui
198 3765 277 3816 laiauit
298 3765 376 3834 partic
389 3766 422 3815 du
441 3767 598 3835 gymnasium
616 3775 641 3816 et
660 3767 693 3816 cir
733 3764 841 3814 souticut
859 3764 967 3814 ttortln
980 3765 1050 3831 locon
1063 3766 1184 3815 rusticare
1198 3786 1292 3821 manau.

138 3842 188 3892 l'on
201 3842 303 3893 donnait
321 3859 367 3892 aux
379 3843 465 3908 jeuner
480 3857 539 3905 gem
552 3843 594 3892 dee
611 3842 694 3908 lecum
733 3839 839 3890 ll’abord
858 3839 882 3890 la
894 3841 1053 3904 conjonctiou
1072 3859 1102 3891 ve
1119 3851 1155 3892 eat
1173 3843 1222 3893 triu
1238 3860 1293 3895 rare

137 3917 169 3967 de
180 3918 309 3979 mainticu,
324 3918 355 3968 de
368 3919 609 3969 bonneeonteuance
621 3927 646 3969 et
663 3918 694 3968 de
734 3913 794 3965 datu
809 3913 946 3976 Quintilien
966 3915 1187 3983 (Ci'ltiruebladlr,
1200 3917 1230 3968 de
1244 3924 1293 3970 Usu

138 3994 233 4044 bonues
251 3995 379 4045 munierat.
400 3994 444 4044 Cet
461 3993 642 4058 enseignement
661 4009 692 4044 ne
730 3989 927 4059 particularum,
936 4001 995 4054 eta,
1007 4008 1033 4059 p.
1048 3994 1113 4059 ta),
1123 3994 1217 4045 ensuite
1225 3995 1243 4045 il
1254 4012 1293 4062 yn

138 4070 263 4136 nranquait
276 4086 318 4136 pas
329 4069 423 4120 d'avoir
433 4070 538 4136 quelque
548 4069 689 4120 choscd’al·
733 4082 781 4116 une
790 4066 917 4133 gradation
925 4075 995 4117 entre
1005 4065 1107 4117 indocte
1118 4079 1143 4120 et
1151 4070 1256 4133 rusticae3
1270 4071 1294 4121 le

139 4142 201 4195 lectt
219 4162 266 4210 que
283 4145 363 4195 blame
382 4145 485 4196 Cioiron
504 4162 511 4197 :
532 4166 545 4191 ι
559 4146 688 4213 palaestrici
733 4141 839 4207 premier
855 4143 950 4208 siguilie
968 4144 1103 4195 seulement
1122 4146 1249 4212 ignorare
1269 4147 1293 4197 le

140 4240 152 4262 a
166 4228 245 4269 motus
258 4236 319 4286 saepc
330 4230 386 4270 sunt
394 4221 536 4283 odiosiores,
551 4231 576 4271 et
589 4221 689 4273 histrio·
733 4218 823 4268 second
836 4218 883 4269 cle
893 4234 950 4269 rena
960 4220 1014 4285 plur
1027 4219 1158 4285 inergique
1175 4221 1206 4272 dc
1221 4239 1292 4290 grus·

141 4316 152 4338 tt
169 4310 227 4343 num
241 4295 352 4345 normani
373 4305 452 4361 gestu.
470 4297 569 4363 ineptit,
585 4314 637 4349 non
647 4315 691 4351 ῃ.
729 4294 788 4343 sier.
799 4293 900 4356 Cillll,
919 4298 958 4356 10,
967 4298 998 4347 5³
1009 4311 1015 4346 :
1025 4294 1118 4345 indocti
1126 4297 1213 4368 sepius
1219 4308 1292 4369 atque

139 4391 151 4413 c«
166 4380 231 4422 cant.
245 4391 257 4415 ιι
269 4369 369 4434 (neoti.
380 4371 401 4434 l,
412 4374 465 4435 36.)
474 4372 690 4438 Lejeuuelromme
730 4373 829 4426 interim
844 4378 938 4431 rustici.

138 4446 219 4496 deruit
234 4448 285 4496 ctre
301 4446 377 4496 rendu
396 4456 470 4497 avant
483 4447 654 4500 l’aurorechez
665 4452 688 4501 lc
768 4456 945 4505 tl.Aaammis
956 4456 1175 4508 Greciaevin'r.-
1188 4457 1225 4510 (ΙΙ.
1243 4458 1291 4511 llo·

567 4574 586 4613 l}
