3248 5340
626 497 825 552 Atratum.
1243 519 1301 560 cm·

181 651 281 721 {rr.]...
304 651 375 705 Num
395 662 484 705 tamen
506 651 551 706 ille
567 657 656 707 tolum
673 653 700 704 in
717 669 772 706 uno
786 652 860 706 diem
877 665 1094 727 consumpturus
1106 662 1163 709 est?
1179 660 1231 712 Αιιι
1248 678 1301 732 pn·
1320 661 1479 743 uepttntmfflmno

145 750 195 793 test
209 759 266 792 esse
280 739 335 793 ulla
351 752 404 794 tam
418 753 549 814 perpetua
561 741 691 793 discentis
704 742 832 811 intentio,
850 761 912 815 quic
927 760 992 812 non,
1010 755 1042 796 ut
1055 746 1129 797 visus
1142 746 1298 817 oculorum,
1341 718 1456 795 ¹¹3?le

144 828 244 882 obtutu
264 831 397 883 continuo
424 829 571 900 fatigetur?
590 830 661 884 Cum
681 831 832 901 praesertim
850 832 938 886 multo
960 831 1022 905 plus
1050 835 1145 886 secreti
1169 838 1300 908 temporis
1350 823 1446 903 affin

145 917 233 971 studia
248 917 414 972 desiderent.
1326 914 1463 957 nmium

1377 1000 1420 1035 Vox

180 1008 248 1078 [14]
273 1009 366 1062 Non...
388 1027 440 1061 voi
458 1008 503 1061 illa
524 1010 708 1081 praeceptoris,
725 1020 757 1063 ut
770 1028 857 1081 coena,
872 1010 963 1063 minus
978 1010 1105 1083 pluribus
1120 1010 1236 1084 sufficit,
1253 1013 1299 1068 sed
1340 1054 1353 1087 „
1433 1047 1458 1081 :a

144 1106 173 1149 ut
188 1096 239 1167 sol,
253 1097 385 1150 universis
400 1097 471 1150 idem
486 1097 566 1165 lucia,
581 1097 738 1168 calorisque
751 1097 902 1169 largitur...
1343 1092 1454 1171 fflffiffi,

180 1186 281 1257 [15.]...
309 1186 361 1238 Sed
379 1205 467 1258 neque
487 1197 639 1260 praeceptor
654 1187 744 1240 bonus
759 1187 861 1259 majore
877 1207 904 1241 se
920 1191 999 1242 turba
1015 1208 1098 1261 quam
1114 1205 1143 1244 ut
1164 1193 1298 1246 sustinere
1339 1197 1455 1276 Stfflnss

142 1293 201 1327 eam
216 1276 310 1348 possit,
325 1277 487 1343 oneraverit,
501 1287 526 1328 ct
544 1277 571 1328 in
585 1278 681 1347 primis
693 1295 723 1328 ea
740 1276 864 1330 habenda
877 1296 943 1331 cura
956 1283 997 1334 esl
1017 1290 1047 1332 ut
1071 1281 1093 1331 is
1115 1280 1229 1333 omnino
1252 1280 1299 1335 fiat
1339 1294 1358 1320 ⁸⁰
1372 1295 1454 1321 oum.

143 1365 223 1416 rrobis
241 1363 411 1417 familiariter
425 1366 538 1434 amicus,
563 1383 612 1418 nec
631 1364 755 1418 officium
775 1367 801 1418 in
825 1365 943 1420 diceudo
969 1377 1073 1440 spectet
1090 1368 1139 1421 sed
1155 1368 1293 1424 affectum.
1322 1355 1469 1437 ‚fffiffiffi

144 1454 182 1505 lta
196 1471 338 1524 nunquam
350 1455 452 1506 crimus
466 1455 492 1507 in
509 1453 603 1508 turba.

178 1542 244 1612 [rii]
260 1545 329 1595 Ante
343 1543 434 1595 omnia
449 1542 561 1596 iuturus
576 1554 680 1615 orator,
694 1544 739 1598 cui
754 1546 781 1597 in
797 1546 915 1598 maxima
930 1545 1098 1612 celebritate,
1113 1557 1139 1600 et
1160 1547 1187 1599 in
1209 1547 1297 1600 media
1325 1549 1466 1630 svm

142 1631 308 1704 lleipublicer
328 1631 387 1684 lnce
414 1631 558 1685 vivendum
583 1646 633 1703 est,
658 1644 793 1687 assuescat
814 1633 870 1704 jam
895 1645 1024 1687 atcncro
1043 1653 1098 1687 non
1119 1634 1298 1690 reformidare
1328 1641 1464 1677 “mum

142 1719 275 1790 homines,
293 1739 381 1792 neque
395 1719 442 1774 illa
461 1719 625 1775 solitariae!
639 1720 712 1776 reiut
728 1721 865 1777 unrbratili
879 1722 936 1775 rita
956 1722 1097 1795 pallescere
1109 1724 1129 1777 ¹.
1146 1725 1296 1779 Excitanda

141 1827 216 1862 mens
230 1819 256 1862 ct
277 1809 426 1863 attollenda
447 1828 555 1883 semper
582 1820 632 1880 est,
646 1829 707 1882 quae
734 1812 762 1864 in
782 1810 941 1882 hujusmodi
961 1813 1072 1868 secretis
1091 1813 1250 1885 languescit,
1270 1826 1296 1867 et

141 1897 286 1969 ‹ptemdam
300 1898 373 1953 velut
388 1900 415 1952 in
430 1917 518 1972 opaco
533 1901 616 1952 situm
637 1898 724 1967 ducit,
749 1911 796 1952 aut
821 1910 916 1953 contra
945 1903 1071 1954 tumescit
1092 1903 1165 1954 inani
1187 1921 1297 1974 persua-

140 1988 225 2040 sione.
242 1989 355 2041 Necesse
365 1999 403 2041 cst
413 1989 487 2041 enim
502 1988 554 2040 sibi
572 1989 688 2041 nimium
710 1988 814 2042 tribuat
828 1990 875 2060 qui
896 2009 923 2042 se
940 1991 1040 2042 nemini
1057 2001 1209 2062 comparat.
1227 1992 1294 2063 [rip]
1325 1982 1464 2070 ffilllffi'l,

140 2076 254 2147 Deinde,
266 2095 328 2131 cum
341 2076 504 2150 proferenda
517 2087 580 2130 sunt
594 2077 693 2145 studia,
712 2077 810 2149 caligat
824 2079 851 2131 iu
866 2078 932 2148 sole,
956 2090 983 2132 et
997 2080 1089 2132 omnia
1115 2099 1184 2134 nova
1205 2080 1295 2134 oll'cn·
1344 2073 1444 2158 37¹³ss

34 2208 40 2221 .
80 2210 98 2222 ..
138 2165 197 2234 ditll
219 2177 248 2219 ut
263 2168 311 2238 qui
330 2166 404 2220 solus
422 2165 549 2219 didicerit
564 2164 640 2238 quod
655 2167 726 2219 inter
751 2166 853 2220 inultos
877 2165 1034 2222 faciendum
1065 2180 1115 2222 est.
1134 2169 1202 2241 [ao]
1215 2169 1294 2223 Mitto
1346 2178 1440 2213 Autem*

137 2255 268 2308 arnicitias
292 2273 352 2327 quw
375 2255 410 2308 ad
436 2265 603 2308 senectutem
628 2273 714 2326 usque
736 2255 896 2308 firmissimae
919 2255 1036 2328 durant,
1062 2256 1188 2328 religio„
1223 2277 1294 2331 qua·
1350 2224 1435 2265 mmm

137 2343 199 2397 dam
219 2343 418 2398 necessitudine
431 2344 576 2399 imbutoe...
601 2345 715 2398 Sensum
731 2345 837 2417 ipsum,
860 2346 907 2417 qui
928 2347 1083 2400 ctornmuuis
1106 2345 1222 2419 dicitur,
1244 2350 1291 2402 ubi
1337 2354 1447 2434 eumn

137 2432 231 2503 discet,
249 2452 313 2487 cum
332 2452 360 2485 se
384 2452 398 2486 a
427 2452 572 2505 congressu
593 2434 711 2504 quinon
728 2433 1001 2506 lrominibussoluru,
1019 2435 1065 2488 scd
1083 2436 1166 2489 mutis
1180 2453 1292 2510 quoque

136 2521 309 2592 animalibus,
327 2521 458 2576 naturalis
473 2532 522 2591 est,
540 2523 703 2591 segregarit?
1384 2589 1385 2592 Ἴ

173 2611 276 2681 [aa.]...
298 2612 372 2664 Licet
399 2613 455 2684 ipsa
473 2612 569 2665 vitium
586 2612 620 2664 sit
635 2610 759 2682 ambitio,
777 2610 936 2683 frequenter
956 2623 1046 2666 tamen
1065 2632 1146 2668 causa
1159 2616 1291 2670 virtutum
1319 2646 1464 2683 mmm

138 2710 188 2753 est.
1349 2693 1432 2728 vinum

173 2789 274 2859 [ali.]...
293 2791 370 2843 Sicut
394 2788 526 2842 firmiores
546 2791 573 2842 iu
587 2789 685 2843 litteris
705 2807 864 2862 progressus
879 2789 927 2843 alit
941 2792 1090 2864 aemulatio,
1103 2793 1141 2847 ita
1156 2795 1292 2868 incipien·
1339 2806 1442 2888 AEffltto

135 2879 210 2931 tibus
224 2889 306 2949 atquc
317 2878 408 2932 adlruc
421 2878 676 2951 condiscipulorum
691 2896 775 2950 qtram
799 2880 974 2952 praeceptoris
984 2879 1146 2953 jucundior,
1162 2884 1215 2937 hoc
1232 2886 1291 2957 ipso
1337 2919 1443 2955 hm„

135 2966 210 3038 quod
219 2966 335 3039 facilior,
344 2968 460 3021 imitatio
473 2978 523 3022 est.
537 2968 590 3020 Vix
599 2969 672 3020 cnim
687 2968 812 3040 septima
825 2967 958 3021 elementa
972 2968 1006 3021 ad
1016 2988 1091 3042 spem
1104 2970 1200 3025 tollere
1213 2973 1291 3026 effin·
1335 2967 1447 3044 mm

134 3054 228 3123 gendo:
243 3073 325 3127 qttam
339 3073 472 3109 summam
496 3067 593 3128 putant
613 3055 777 3128 cloquentiae
800 3055 942 3109 audebunt
958 3075 965 3112 ε
980 3059 1103 3129 proxima
1117 3061 1290 3131 amplectun-
1309 3054 1468 3157 3¹:5¹3&

136 3154 181 3197 tur
197 3145 344 3212 magis2ut
362 3145 428 3198 sites
443 3144 589 3198 arboribus
614 3144 760 3217 applicitus,
784 3143 927 3197 inferiores
954 3146 1031 3216 prius
1057 3148 1290 3219 apprehendendo
1355 3139 1360 3149 ¹

135 3250 234 3302 ramos,
252 3234 280 3284 in
299 3235 440 3287 cacumina
454 3233 583 3286 evadunt.

171 3321 271 3391 [28.]...
294 3323 329 3375 Ut
355 3321 461 3375 vascula
477 3323 533 3376 oris
552 3324 657 3392 angusti
676 3321 848 3394 superfusam
868 3323 992 3376 humoris
1009 3325 1119 3397 copiam
1141 3339 1286 3401 respuunt,
1334 3327 1440 3414 yffi?

134 3412 233 3463 sensim
248 3422 340 3464 autem
359 3411 550 3477 induentibus,
567 3411 606 3464 vel
622 3413 703 3465 etiam
720 3411 855 3465 instillatis
868 3411 1061 3483 complentur:
1076 3416 1113 3468 sic
1121 3416 1205 3469 animi
1217 3435 1286 3489 pue-
1306 3418 1467 3504 ‘'¹⁰¹lffifffll‘

134 3517 228 3553 rorum
240 3511 373 3571 quantum
383 3502 507 3571 excipere
519 3501 624 3572 possint
639 3500 787 3554 videndum
801 3512 849 3554 cst.
863 3502 931 3554 Nam
947 3501 1049 3573 majora
1060 3504 1200 3559 intellectu
1214 3506 1287 3560 velut
1328 3523 1446 3565 οοωμιιιιο

135 3606 231 3661 parum
244 3603 322 3661 aptos
337 3589 371 3642 ad
385 3589 594 3662 percipiendum
606 3591 713 3643 animos
727 3608 781 3643 non
793 3591 937 3645 subibunt.
1363 3568 1410 3609 ‘¹⁰¹'

176 3677 276 3747 [ap.]...
303 3679 351 3730 His
380 3677 490 3750 adjicio,
516 3689 696 3751 praeceptores
719 3680 791 3751 ipsos
821 3698 876 3731 non
901 3679 972 3733 idem
997 3685 1096 3736 mentis
1121 3702 1153 3737 ac
1173 3685 1287 3757 spiritus
1314 3683 1459 3725 *imvm

1332 3730 1438 3763 concitetur

135 3767 162 3818 in
174 3765 292 3820 dicendo
304 3785 382 3839 posse
402 3769 546 3840 concipere
560 3768 673 3839 singulis
683 3779 789 3821 tantum
806 3770 997 3840 praesentibus,
1012 3771 1087 3842 quod
1103 3772 1148 3825 illa
1168 3773 1286 3827 celebri·
1327 3774 1450 3861 tw·

135 3864 189 3907 tate
200 3855 370 3909 audientium
385 3858 538 3911 instinctos.
551 3858 619 3928 [dm]
636 3858 753 3910 blasima
766 3858 838 3909 enim
852 3875 914 3929 pars
926 3857 1090 3930 eloquentior
1104 3868 1210 3917 constat
1224 3863 1286 3917 arti·
1311 3877 1458 3912 Antmocomt

135 3961 180 3996 mo
202 3962 209 3997 ε
226 3943 300 3998 ltunc
314 3944 397 4016 allici,
414 3945 487 3999 lrunc
504 3948 648 4019 concipere
668 3947 796 4016 imagines
811 3963 902 3999 rerum
917 3957 944 3999 et
960 3947 1147 4002 transformari
1165 3951 1285 4022 quodam
1327 3922 1439 3966 ‘mm'

135 4034 217 4087 modo
231 4036 265 4089 ad
278 4048 403 4091 naturam
416 4056 512 4092 eorum
522 4038 556 4092 de
571 4040 672 4111 quibus
688 4038 829 4111 loquimur
842 4058 951 4093 neccsse
965 4050 1014 4094 est.
1032 4043 1059 4095 Is
1071 4061 1155 4114 porro
1166 4063 1223 4117 quo
1241 4065 1287 4118 ἔρ.

134 4127 258 4179 uerosior
270 4124 422 4198 celsiorque
431 4139 480 4194 est,
495 4126 547 4180 hoc
563 4126 713 4199 majoribus
728 4127 801 4181 velut
815 4130 923 4200 organis
937 4142 1125 4185 commovetur
1141 4152 1147 4185 :
1167 4133 1285 4206 ideoque
1320 4180 1451 4224 mmmm

133 4223 160 4265 et
172 4213 251 4268 laude
265 4217 361 4268 crescit
375 4230 402 4268 ct
415 4218 518 4288 impetu
531 4229 654 4287 augetur,
672 4228 699 4270 ct
712 4217 817 4289 aliquid
834 4236 962 4288 maguum
984 4237 1063 4290 agere
1081 4221 1192 4292 gaudet.
1217 4225 1272 4295 [31.
1330 4226 1437 4261 utrumn

135 4303 181 4356 Est
196 4303 319 4376 qtrudnm
335 4306 416 4358 tacita
431 4305 602 4377 dedignatio,
620 4309 673 4360 vini
693 4307 803 4361 dicendi
823 4310 905 4361 tantis
921 4323 1106 4381 comparatam
1132 4315 1281 4381 laboribus,
1341 4270 1430 4349 lllllllll·

168 4468 191 4515 1.
212 4464 247 4515 Ce
264 4482 382 4533 passages
394 4466 433 4518 ete
446 4468 555 4533 souligne
567 4486 611 4537 par
629 4469 728 4520 Recine.
