3248 5340
515 495 620 550 tuus.
645 496 829 551 onttou.
855 496 934 551 Ltu.
959 496 987 564 Ι,
1016 498 1040 551 1.
1323 499 1357 550 23

202 645 345 734 ductus,
371 645 460 717 dum
487 645 759 718 antecedentem
795 648 1007 718 memoriam
1030 662 1241 744 sequuntur.
1271 650 1359 733 Quae

203 792 305 837 causa
330 781 383 837 est
407 766 709 864 praecipientibus,
731 783 769 837 ut
787 769 909 853 etiam,
933 793 1016 838 cum
1031 769 1115 838 satis
1132 766 1284 837 affixisse
1300 790 1360 838 eas

204 888 323 984 pueris
342 901 442 957 recto
466 885 541 972 illo,
562 911 636 983 quo
658 889 814 985 primum
839 887 945 959 scribi
966 887 1094 973 solent,
1116 902 1288 957 contextu
1305 887 1358 956 vi-

202 1007 347 1096 dentur,
364 1021 567 1102 retroagant
586 1032 720 1098 rursus,
743 1024 778 1078 et
794 1009 889 1078 varia
910 1009 1175 1105 permutatione
1195 1006 1357 1094 turbent,

144 1138 159 1180 ⁵
202 1125 319 1197 donec
344 1126 477 1197 litteras
500 1128 563 1223 qui
583 1128 820 1198 instituuntur
842 1128 934 1198 facie
958 1129 1092 1215 norint,
1120 1153 1194 1199 non
1215 1125 1355 1198 ordine.

202 1251 433 1344 Quapropter
456 1249 605 1344 optime,
627 1248 718 1318 sicut
735 1248 939 1337 bominum,
960 1250 1093 1345 pariter
1111 1263 1146 1318 et
1164 1247 1309 1319 habitus
1323 1261 1358 1319 et

205 1369 352 1436 nomina
369 1366 631 1438 edocebuntur.
654 1367 723 1437 Sed
743 1368 842 1464 quod
860 1369 895 1438 in
919 1367 1046 1439 litteris
1067 1367 1236 1465 obestqin
1256 1367 1361 1463 sylla·
1387 1376 1428 1435 26

205 1485 256 1554 bis
273 1511 344 1555 non
371 1486 528 1557 nocebit.
553 1491 631 1556 Non
649 1485 801 1557 excludo
814 1502 948 1575 autem,
973 1488 1009 1560 id
1033 1487 1132 1585 quod
1152 1506 1204 1557 est
1217 1502 1358 1574 notum,

204 1607 385 1677 irritandae
410 1605 455 1677 ad
483 1605 697 1677 discendum
717 1608 875 1678 infantiae
899 1610 1022 1702 gratia,
1044 1608 1220 1679 eburneas
1252 1608 1358 1678 etiam

148 1744 177 1788 10
203 1725 402 1797 litterarum
424 1726 556 1796 formas
572 1728 608 1796 in
635 1726 753 1797 lusum
770 1727 915 1815 ollerre,
933 1729 989 1798 vel
1011 1726 1139 1824 siquid
1153 1728 1263 1817 aliud,
1284 1753 1359 1824 quo

206 1848 316 1939 magis
345 1845 402 1916 illa
428 1860 510 1916 aetas
539 1846 706 1940 gaudeat,
733 1849 884 1918 inveniri
916 1863 1044 1945 potest,
1069 1847 1167 1944 qnod
1192 1863 1356 1934 tractare,

205 1966 350 2055 intueri,
367 1968 555 2037 nominare
568 1966 771 2062 jucundum
786 1969 842 2037 sit.

252 2091 341 2157 Cum
365 2111 451 2157 vero
473 2090 546 2183 jam
567 2086 697 2158 ductus
727 2089 827 2184 sequi
855 2089 1019 2185 coeperit,
1046 2113 1120 2158 non
1145 2087 1270 2158 inutile
1294 2088 1361 2159 erit
1388 2095 1427 2155 27

204 2230 263 2275 eas
276 2204 415 2276 tabellae
434 2209 695 2303 quamoptime
711 2206 880 2306 insculpi,
900 2225 937 2278 ut
950 2233 1011 2302 per
1024 2207 1102 2279 illos
1125 2206 1220 2279 velut
1235 2207 1355 2278 sulcos

147 2339 177 2385 ¹⁵
205 2324 359 2396 ducatur
369 2324 479 2398 stilus,
502 2331 589 2397 Nam
604 2353 721 2424 neque
737 2327 883 2417 errabit,
896 2327 1203 2425 quemadmodum
1218 2330 1255 2398 in
1271 2330 1362 2400 ceris

205 2445 466 2540 (continebitur
490 2449 586 2517 enim
615 2451 785 2545 utrinque
824 2447 1074 2543 marginibus),
1099 2445 1230 2546 [neque
1259 2464 1357 2520 extra

204 2570 450 2663 praescriptum
491 2567 611 2661 egredi
654 2567 811 2667 poterit]‚
830 2584 864 2639 et
880 2569 1027 2640 celerius
1061 2593 1103 2639 ac
1139 2570 1265 2667 saepius
1299 2593 1350 2639 se·

202 2685 349 2782 quendo
382 2702 477 2757 certa
513 2688 659 2783 vestigia
691 2687 849 2761 firmabit
877 2689 1063 2779 articulm,
1093 2713 1210 2785 neque
1238 2688 1359 2784 egebit

239 2918 264 2974 l.
277 2911 440 2963 turbeutx'l'
451 2911 512 2965 nun
530 2912 599 2966 Bodl
615 2913 702 2967 Guell
718 2914 817 2979 cour,
835 2933 914 2982 7727,
927 2913 1025 2973 Hatnn
1037 2914 1201 2987 perturbent
1217 2916 1256 2970 :C
1272 2914 1357 2979 Vatt„

203 3002 282 3068 7523.
298 3031 333 3039 -
347 3001 373 3054 8.
389 3012 485 3054 notum
501 3021 610 3058 :ornnes
621 3003 698 3056 codd.
714 3013 738 3055 et
759 3003 835 3063 edd.‚·
852 3005 992 3056 inventum
1009 3020 1015 3055 :
1034 3002 1114 3056 Halm
1140 3023 1174 3056 ex
1192 3006 1261 3076 conj.
1278 3005 1360 3058 Heiu-

202 3087 386 3156 stoutattcic.
402 3089 433 3141 de
446 3091 481 3145 N.
496 3094 531 3145 Ι).
549 3095 586 3158 11,
600 3093 653 3155 28).
665 3123 697 3132 -
709 3112 749 3144 ιο.
760 3093 787 3144 in
803 3091 865 3144 lusu
877 3112 882 3146 :
899 3093 982 3145 CEsc
997 3112 1066 3144 1.-
1080 3112 1121 3161 15.-
1135 3092 1224 3161 egredi
1236 3097 1336 3164 poterit
1351 3111 1357 3148 t

204 3180 226 3230 A
251 3178 274 3228 'l‘
303 3179 334 3243 F,
355 3197 439 3247 7:²73
466 3182 566 3251 poterit
594 3181 685 3249 egredi
709 3200 718 3233 :
738 3182 759 3232 (Ι
783 3179 866 3248 vall,
903 3184 980 3250 57²5·
1021 3212 1057 3220 —
1092 3184 1132 3233 18.
1162 3199 1227 3232 caesa
1256 3197 1358 3249 :7727,

205 3265 335 3319 Gebhard.
354 3296 388 3306 -
405 3268 448 3321 18.
468 3268 589 3320 firmabit
607 3287 613 3324 :
630 3268 753 3337 At'att„
774 3272 846 3321 I'ott.
860 3267 960 3323 Halm:
974 3267 1102 3323 formabit
1117 3284 1123 3322 :
1139 3271 1177 3339 Bg
1188 3269 1261 3321 Gotb
1275 3268 1363 3322 Guell

200 3357 234 3429 C,
250 3368 327 3428 7724,
353 3362 431 3429 77²5,
449 3376 527 3426 7727·

239 3545 278 3590 tu.
292 3538 421 3588 lulnsum.
441 3566 473 3576 —
492 3537 525 3587 Le
539 3536 583 3585 bls.
607 3535 638 3584 de
660 3535 762 3585 Carcas-
803 3537 962 3601 queeelleci:
976 3536 1234 3599 Nolitejolmuues...
1249 3538 1358 3600 snarti-

202 3632 279 3665 eoune
297 3623 322 3663 et
338 3614 360 3662 lc
374 3614 417 3662 tts.
436 3612 467 3661 de
481 3611 611 3661 l'Eseurial
627 3610 679 3676 (ill.
698 3628 722 3671 e,
737 3614 761 3674 5)
803 3612 893 3666 villa...
910 3613 1006 3669 inolito
1024 3632 1039 3663 o
1053 3614 1110 3682 j...‚
1130 3614 1212 3665 cussie
1239 3614 1356 3665 adroite.

203 3692 266 3740 seub
278 3690 386 3738 donuent
402 3689 427 3735 in
451 3686 506 3735 lusu
521 3705 530 3734 .-
551 3686 567 3736 il
589 3695 626 3735 ert
643 3686 762 3752 prohable
805 3688 841 3737 un
855 3692 948 3740 certain
959 3689 1062 3739 nombre
1074 3688 1104 3738 de
1116 3705 1154 3737 ees
1163 3689 1261 3754 briques
1272 3698 1315 3739 ont
1325 3689 1357 3737 du

201 3783 250 3831 qno
265 3769 286 3814 le
305 3764 396 3830 copiste
420 3779 479 3811 nura
503 3760 585 3811 oublie
600 3760 622 3810 le
642 3762 709 3827 signe
732 3762 762 3810 de
803 3766 881 3814 servir
899 3766 1007 3815 tlansles
1023 3764 1102 3814 ecoles
1126 3781 1188 3830 pour
1210 3765 1232 3813 la
1255 3766 1354 3826 lecture,

203 3840 371 3891 l'nbreriatiou
395 3855 436 3888 sur
455 3836 498 3887 l'u.
524 3838 561 3886 On
574 3847 667 3898 trouve,
686 3837 702 3886 il
726 3851 763 3887 est
804 3840 875 3890 telles
901 3841 943 3906 qui
965 3847 1062 3906 portent
1087 3840 1129 3887 des
1151 3838 1289 3905 alpltabets,
1314 3855 1359 3906 ptr

204 3918 265 3976 irai,
273 3917 388 3982 quelques
402 3914 523 3980 exempla
536 3913 597 3962 dnm
606 3913 709 3977 lesquels
718 3912 761 3962 l'a·
804 3916 926 3982 exemple3
937 3917 1042 3965 d'autres
1054 3924 1097 3964 ont
1109 3930 1139 3979 pu
1152 3915 1204 3963 utre
1215 3914 1257 3963 des
1276 3915 1360 3965 mode·

204 3994 277 4045 blatii
294 4010 352 4042 erte
368 3993 392 4038 in
415 4000 451 4040 eat
470 3990 517 4039 mis
532 4006 594 4057 pour
617 3988 761 4050 l'aceusntil,
804 3990 978 4040 lesd’eeritnre
997 3988 1125 4055 d'nptesln
1144 3987 1259 4037 methodo
1273 3988 1359 4039 ineen-

203 4069 266 4119 mais
279 4069 309 4117 ils
319 4078 374 4117 sont
384 4068 431 4117 tries
442 4082 517 4116 rerer.
803 4067 842 4118 tee
860 4067 890 4117 ici
902 4083 945 4133 par
955 4065 1099 4129 Quintilium
1111 4067 1197 4129 (llerue
1206 4065 1247 4112 des
1261 4069 1358 4127 Iterues,

241 4150 280 4196 ll.
298 4143 433 4196 rabello...
446 4143 561 4213 insculpi.
572 4172 604 4181 -
617 4144 683 4194 Dens
696 4143 719 4192 la
734 4147 761 4194 30
807 4148 879 4205 1883,
897 4160 923 4210 p.
938 4143 1008 4205 205.)

205 4222 319 4271 liuraisun
332 4224 414 4284 {taum
425 4221 458 4269 du
468 4220 576 4269 Bulletin
589 4219 620 4268 de
630 4219 652 4268 la
665 4218 762 4269 Societe
841 4222 878 4269 tu.
899 4221 985 4286 Neque
1005 4227 1073 4264 estro
1086 4216 1253 4284 praescriptum
1272 4212 1359 4283 egredi

204 4298 248 4347 des
261 4296 419 4361 Antiqunires
432 4296 462 4344 de
476 4300 576 4357 FraneeJ
588 4295 624 4348 bl.
634 4293 762 4345 Tbedenat
801 4295 902 4362 poterit.
913 4292 1041 4347 -Schutz
1052 4291 1167 4356 eruitque
1175 4290 1358 4357 cetteproposi·

207 4373 301 4437 signale
327 4389 375 4420 une
397 4371 484 4436 brique
500 4372 531 4420 de
546 4370 619 4421 Gand
633 4385 692 4420 arec
710 4371 762 4419 ins-
803 4371 855 4419 tion
877 4369 929 4419 doit
946 4369 999 4419 ene
1019 4367 1079 4417 mise
1095 4376 1164 4416 entre
1187 4367 1309 4429 crochets,
1333 4376 1359 4417 et

204 4449 327 4515 criptions
342 4448 441 4513 gratier
456 4458 528 4497 aierit
542 4448 565 4497 la
580 4448 678 4497 euisson
693 4447 761 4497 telles
802 4444 921 4512 Spalding
934 4444 1035 4511 ajoute:
1052 4464 1064 4487 «ι
1081 4441 1174 4503 Quibus
1186 4441 1233 4493 hoc
1255 4442 1357 4494 ‹titteru
