3248 5340
330 516 475 558 cunutus
810 499 1010 556 APPENDIX.

704 721 796 775 cirus
815 722 863 774 IV.
881 723 920 773 De
933 721 1125 792 ιςιιιιηιιιιιιὶὶιιι.

369 906 429 976 lle
445 904 481 974 ι.]
498 904 606 957 Primus
621 904 648 955 iu
663 921 707 971 co,
727 905 776 974 qui
792 902 930 956 scribendi
946 902 1109 974 legendique
1120 902 1236 974 adeptus
1249 904 1301 957 erit
1315 904 1488 968 facultatem,

332 993 515 1065 grammaticis
526 992 602 1045 locus
614 1002 688 1047 est...
704 992 789 1062 [a.]...
802 993 865 1044 Haec
879 993 962 1061 igitur
975 990 1119 1064 professio,
1133 1009 1196 1045 curu
1210 994 1366 1046 brevissime
1379 994 1489 1048 induas

333 1091 423 1155 partes
437 1080 587 1150 dividatur,
603 1091 675 1134 recte
691 1079 820 1153 loquendi
835 1081 988 1150 scientiam,
1003 1091 1029 1134 ct
1040 1091 1183 1153 poetarum
1196 1083 1409 1150 enarrationem,
1424 1084 1490 1154 plus

335 1170 415 1224 habet
434 1171 461 1223 in
475 1187 582 1223 recessu
594 1187 677 1240 quam
700 1169 790 1222 ltonte
806 1170 955 1242 promittit.
971 1168 1019 1242 [3.]
1046 1171 1115 1222 Natu
1134 1180 1160 1223 et
1179 1169 1316 1223 scribendi
1331 1172 1402 1225 ratio
1418 1189 1490 1225 ton-

334 1259 427 1314 iuncta
439 1271 479 1313 cst
491 1277 554 1312 curn
572 1256 721 1329 loquendo,
735 1268 763 1311 ct
776 1258 961 1311 narrationem
976 1257 1105 1330 precedit
1118 1258 1260 1311 emendata
1271 1258 1361 1325 lectio,
1378 1272 1405 1313 et
1419 1262 1489 1314 mix-

334 1363 394 1403 tum
409 1348 451 1401 his
463 1346 592 1400 omnihus
607 1346 739 1400 iudicium
754 1357 825 1400 est...
845 1344 893 1419 [a]
907 1346 962 1400 Nec
973 1357 1067 1418 poetas
1082 1347 1177 1418 legisse
1191 1348 1255 1400 satis
1267 1362 1306 1400 est
1323 1349 1489 1402 :excutien-

333 1437 400 1492 dum
413 1455 494 1490 omne
510 1437 676 1509 scriptorum
689 1453 784 1505 genus,
801 1453 857 1487 uon
875 1445 989 1508 propter
1001 1434 1129 1488 historias
1144 1435 1237 1507 modo,
1258 1441 1305 1489 sed
1320 1439 1412 1506 verba,
1426 1455 1490 1509 qua·

335 1527 492 1597 frequenter
507 1527 549 1579 ius
566 1524 601 1578 ab
619 1524 779 1578 auctoribus
799 1534 944 1580 sumunt...
968 1523 1016 1597 [5.}
1037 1523 1201 1596 Eloquentia
1222 1543 1334 1597 quoque
1354 1544 1411 1579 non
1431 1544 1489 1578 are·

335 1615 421 1669 diocri
435 1625 475 1668 est
486 1632 567 1687 opus,
584 1627 613 1666 ut
624 1613 659 1665 de
671 1630 837 1684 unaquaque
852 1630 1028 1685 earurn,quas
1039 1613 1296 1677 demonstravimus,
1311 1631 1403 1668 rerum
1415 1615 1488 1668 dicat

336 1704 447 1778 proprie
459 1715 486 1756 et
500 1704 618 1776 copiose.
636 1702 701 1769 Quo
721 1703 811 1755 minus
825 1701 928 1755 serendi
942 1712 1006 1755 sunt
1027 1703 1074 1773 qui
1089 1701 1159 1755 hanc
1175 1712 1273 1772 artem,
1287 1714 1317 1756 ut
1332 1713 1443 1756 tenuem
1457 1722 1489 1757 ar

335 1794 455 1847 ieiunam
470 1791 651 1845 cavillantur:
667 1809 728 1863 quac
742 1791 793 1843 nisi
815 1791 933 1844 oratoris
949 1789 1043 1844 lutura
1060 1790 1239 1844 fundamenta
1253 1790 1370 1844 fideliter
1382 1792 1486 1846 iecerit,

334 1881 468 1954 quicquid
482 1881 707 1952 superstruxeris,
723 1888 855 1933 corruet:
871 1881 1022 1932 necessaria
1037 1881 1140 1951 pueris,
1156 1879 1274 1934 iocunda
1285 1880 1406 1948 senibus,
1422 1880 1490 1934 dul-

334 1972 374 2023 cis
388 1983 555 2023 secretorum
568 1987 669 2040 comes,
686 1978 712 2021 ct
727 1986 788 2040 quoe
801 1967 841 2020 vel
861 1966 918 2021 sota
931 1969 1006 2021 omni
1021 1968 1177 2022 studiorum
1198 1987 1295 2038 genere
1310 1968 1371 2041 plus
1390 1968 1487 2022 haheat

335 2060 426 2131 operis
438 2075 520 2128 qnam
533 2057 733 2111 ostentationis.
748 2055 796 2130 [a]
810 2057 850 2110 Nc
862 2058 924 2128 quis
936 2057 1019 2128 igitur
1030 2067 1161 2128 tanquam
1175 2075 1255 2129 parva
1271 2056 1391 2111 fastidiat
1402 2075 1492 2128 gram·

337 2146 448 2199 matices
457 2145 610 2200 elementa:
628 2164 684 2198 non
699 2147 765 2217 quia
780 2163 883 2216 maguae
897 2145 933 2199 sit
947 2163 1039 2218 operm
1052 2157 1235 2199 consonantes
1248 2164 1262 2199 a
1277 2145 1417 2199 vocalibus
1431 2145 1490 2199 dis-

336 2252 458 2305 cernere,
471 2235 596 2305 ipsasque
608 2252 654 2288 eas
672 2234 700 2286 in
714 2232 918 2288 semivocalium
934 2252 1091 2304 numerum,
1105 2248 1302 2306 mutarumque
1314 2236 1425 2307 partiri3
1442 2237 1489 2288 sed

337 2324 401 2394 quia
422 2323 553 2376 interiora
569 2322 643 2376 velut
659 2324 727 2375 sacri
744 2321 827 2394 hujus
847 2322 1013 2377 adeuntibus
1034 2325 1177 2396 apparebit
1191 2323 1277 2377 multa
1295 2340 1387 2377 rerum
1400 2323 1491 2377 subti-

337 2411 408 2479 litas,
434 2429 495 2483 quac
520 2429 576 2464 non
599 2410 684 2463 modo
710 2428 807 2464 acuere
832 2411 939 2482 ingenia
966 2412 1094 2484 puerilia,
1117 2411 1164 2466 sed
1182 2429 1310 2466 exercerc
1331 2411 1491 2466 altissimam

338 2515 449 2572 quoque
466 2499 650 2553 eruditionem
664 2500 850 2553 nescientiam
866 2502 963 2572 possit.

375 2677 441 2750 [aa]
454 2678 547 2743 Quare
566 2677 649 2731 discat
664 2695 734 2749 puer
748 2677 817 2748 quid
837 2679 864 2730 in
881 2677 979 2731 litteris
1000 2680 1157 2751 proprium,
1173 2677 1241 2750 quid
1257 2685 1415 2748 commune,
1430 2695 1494 2750 qua·

340 2784 403 2821 cunr
425 2765 528 2837 quibus
542 2767 668 2835 cognatio
671 2803 1493 2822 ............................

375 2853 473 2928 [17.]...
491 2854 543 2907 Sed
560 2856 643 2908 tnichi
664 2854 754 2907 locutu
774 2857 880 2924 signare
899 2857 964 2908 satis
979 2868 1018 2909 est
1040 2875 1046 2908 ε
1063 2874 1117 2908 ιιοιι
1132 2857 1205 2909 cuim
1220 2856 1315 2925 doceo,
1332 2854 1378 2908 sed
1391 2873 1493 2909 moneo

338 2943 550 2998 docturoslnde
565 2945 593 2996 iu
608 2943 717 2996 sillabas
731 2961 796 2997 cura
817 2943 954 3011 transibit,
971 2943 1006 2997 de
1020 2944 1122 3016 quibus
1137 2946 1164 2997 in
1179 2942 1373 3017 orthographia
1389 2945 1493 2997 mentio

338 3032 406 3088 cst¹.
421 3033 501 3086 Tunc
517 3031 619 3085 videbit
634 3033 668 3086 ad
682 3031 750 3103 quid
771 3032 823 3085 hoc
838 3033 984 3106 pertineat,
1000 3044 1068 3104 quot
1089 3035 1171 3086 etiam
1190 3044 1217 3086 et
1236 3051 1297 3105 quac
1318 3043 1407 3104 partes
1427 3050 1495 3086 ora-

375 3299 440 3373 [aa]
456 3301 573 3353 Nomina
583 3299 721 3353 declinare
734 3299 762 3352 in
779 3300 874 3371 primis
893 3313 921 3353 et
935 3299 1014 3352 rerba
1029 3299 1113 3370 pueri
1128 3301 1214 3352 sciant
1229 3317 1236 3352 ι
1250 3317 1339 3370 neque
1353 3298 1427 3351 enim
1439 3298 1493 3351 ali·¹

337 3399 378 3441 ter
390 3389 532 3460 pervenire
546 3387 580 3440 ad
600 3387 769 3441 intellectum
784 3389 957 3460 sequentium
972 3401 1087 3460 possunt
1110 3406 1117 3440 :
1132 3387 1303 3459 quodetiam
1319 3404 1433 3441 innuere
1445 3405 1492 3440 su·

339 3605 379 3656 nel
392 3607 440 3656 tr'es
451 3606 551 3656 curietut
567 3625 572 3654 :

366 3738 378 3767 ιι
423 3726 529 3776 Quosdam
541 3728 624 3768 occidas
635 3728 700 3768 cltlus
720 3739 785 3777 qnam
799 3727 892 3767 verberi·

341 3800 353 3829 ι
368 3790 408 3829 bru
419 3789 526 3839 emendes,
537 3792 559 3830 et
568 3790 652 3831 cosdem
671 3791 821 3832 benevolentia
832 3791 893 3830 hlau-

339 3865 351 3893 ιι
365 3853 440 3902 disque
449 3853 538 3893 mouttls
553 3853 619 3894 ducas
628 3863 764 3903 quocumque
776 3853 837 3894 vetis.
846 3853 893 3891 Huc

339 3916 437 3956 «indole
455 3915 525 3955 tnteor
540 3926 575 3956 me
592 3926 683 3965 puerum
700 3916 777 3964 talasa,
799 3923 892 3963 cumque

339 3988 352 4018 ιι
365 3979 528 4027 praeoptarent
534 3988 577 4026 prae
584 3979 669 4017 ceteris
678 3989 736 4017 cram
746 3975 892 4024 ohumsqnod

340 4052 352 4080 ιι
366 4041 448 4080 diceret
472 4050 494 4079 se
513 4041 586 4080 tresclo
597 4040 648 4088 quid
657 4050 741 4088 magnus
755 4039 800 4088 spel
821 4039 847 4078 de
860 4048 893 4076 mc

340 4112 352 4142 ιι
365 4103 484 4150 concipere,
496 4103 565 4150 magis
577 4102 714 4150 advigilaret,
724 4102 833 4149 velletque
846 4102 895 4138 tau·

339 4175 352 4204 ιι
366 4164 413 4204 alem
421 4163 512 4213 experiri
524 4175 589 4213 quani
604 4174 671 4203 essem
679 4163 790 4212 ursarum
797 4161 892 4212 patiam.

340 4235 352 4265 ιι
366 4225 445 4274 obiecit
454 4226 592 4265 commissum
606 4224 633 4265 de
649 4236 692 4274 quo
711 4236 750 4265 uec
763 4223 894 4264 somniaram

340 4298 353 4328 ιι
367 4298 471 4336 unquam,
483 4299 509 4328 sc
522 4289 609 4329 cecidit.
623 4289 654 4327 Rs
669 4299 702 4328 ros
714 4298 800 4327 omnem
812 4285 892 4325 stulto

340 4360 353 4389 ιι
367 4361 415 4389 rum
426 4361 520 4390 autorem
530 4351 584 4391 mthl
593 4350 695 4398 excusatu
705 4350 801 4398 adeoque
814 4347 893 4397 dejecit

341 4413 470 4460 «pusulam
490 4412 594 4460 solmam.
618 4415 643 4452 ut
664 4413 781 4454 mlnlmum
798 4409 893 4450 abhrorlt

340 4483 353 4514 ι
366 4473 504 4522 adoratore
516 4476 695 4525 contabesoercm,
707 4475 765 4516 certe
778 4483 893 4515 moerorcm

941 3621 953 3651 ι
968 3621 1015 3651 eam
1026 3611 1110 3660 excepit
1119 3609 1186 3650 tebrts
1199 3613 1313 3659 quartana.
1322 3610 1344 3650 Is
1359 3609 1396 3649 nbi
1406 3608 1494 3649 taudem

942 3673 1077 3714 «intellexit
1095 3684 1188 3712 errorem
1201 3683 1271 3717 suurn.
1292 3673 1418 3721 deplorabat
1437 3672 1496 3720 apud

942 3746 954 3776 ι
969 3737 1057 3776 amtcos.
1072 3735 1136 3784 Illud,
1143 3735 1222 3782 tnqatt
1241 3733 1353 3783 lugentum
1368 3744 1423 3784 pens
1435 3733 1497 3782 patus

942 3808 955 3837 a
969 3798 1101 3847 penitderam
1114 3807 1180 3845 quam
1201 3807 1293 3837 uosscm.
1308 3797 1361 3836 Erat
1381 3795 1440 3835 etaim
1459 3794 1496 3834 vir

942 3871 954 3900 ι
969 3871 1009 3900 neo
1021 3860 1121 3908 stupidus
1135 3870 1174 3899 neo
1188 3858 1289 3899 luttoottu
1299 3868 1343 3906 racc,
1356 3859 1382 3897 ut
1392 3856 1497 3903 arbitror,

942 3933 954 3962 ι
969 3923 1045 3962 matus.
1052 3921 1150 3970 Rcslputt
1159 3921 1200 3969 tlte,
1212 3920 1249 3961 sed
1259 3920 1313 3960 mtut
1324 3930 1392 3960 sero..
1403 3929 1416 3960 a

976 4007 1084 4058 OEntres
1104 4008 1235 4074 completes
1253 4005 1386 4069 d’ensme,
1412 4006 1494 4067 baele,

943 4084 1011 4146 ιιι-ιι,
1024 4087 1097 4144 isso,
1110 4099 1134 4149 p.
1150 4086 1209 4133 tas.

980 4164 1001 4209 t.
1018 4159 1051 4209 lci
1059 4151 1162 4209 litienne
1174 4160 1204 4208 de
1214 4158 1297 4208 llouen
1308 4175 1322 4208 a
1333 4157 1497 4208 eridemtncnt

942 4234 1034 4300 change
1049 4235 1083 4284 les
1097 4244 1186 4284 termes
1197 4235 1230 4283 dn
1243 4231 1494 4299 idsqu'ilabregeait,

943 4326 984 4359 car
994 4311 1017 4360 le
1033 4309 1079 4360 his.
1095 4309 1273 4371 attalanae,
1287 4323 1381 4358 comme
1398 4308 1433 4357 les
1452 4322 1497 4356 au-

943 4394 1001 4448 tres,
1014 4402 1094 4454 paucu
1104 4381 1230 4434 adnotabo
1241 4393 1265 4434 et
1280 4399 1331 4434 non
1343 4384 1433 4432 mentio
1449 4392 1496 4431 ert.
