3248 5340
486 487 592 544 INST.
617 487 802 544 ORATOR.
826 486 905 543 Ltu.
930 485 959 553 1,
983 489 1010 541 6.
1218 522 1222 535 ·
1282 489 1332 540 toa

178 642 283 712 tltici?
297 664 361 713 cur
385 642 537 730 Latinio,
551 642 672 729 ltalia,
691 638 941 708 Beneuentum?
963 662 1043 734 quae
1066 635 1276 735 Capitolium
1296 650 1332 706 et

174 760 302 833 collem
331 760 547 854 Quirinalem
566 774 601 831 et
615 759 813 854 Argiletum.
827 755 1034 856 appellandi
1047 757 1159 828 ratio?

114 940 117 945 .
222 880 375 952 tamilla
394 881 547 970 minora,
565 880 602 951 in
625 878 757 977 quibus
777 879 931 950 maxime
949 877 1100 949 studiosi
1115 877 1191 973 ejus
1210 876 1261 948 rei
1278 875 1329 946 lu·
1359 886 1399 946 32

175 1001 343 1095 ligantur,
361 1001 424 1096 qui
435 998 542 1071 verba
559 999 707 1098 paulum
726 998 903 1071 declinata
919 998 1014 1071 varie
1029 1011 1064 1068 et
1085 995 1332 1095 multipliciter

124 1146 138 1188 s
173 1118 220 1190 ud
244 1121 430 1191 veritatem
451 1119 630 1192 reducunt
646 1133 708 1190 aut
721 1119 897 1217 correptis
910 1132 972 1189 aut
989 1118 1177 1215 porrectis,
1192 1131 1255 1188 aut
1270 1116 1331 1188 ad·

167 1240 271 1336 jectis
284 1255 346 1311 aut
359 1241 537 1328 detractis,
553 1254 615 1310 aut
644 1240 855 1337 permutatis
873 1237 998 1310 litteris
1016 1236 1218 1334 syllabisve.
1239 1237 1330 1309 Inde

172 1361 291 1458 pravis
309 1360 459 1455 ingeniis
479 1359 526 1430 ad
549 1358 741 1430 foedissima
765 1383 878 1456 usque
904 1355 1058 1429 ludibria
1075 1356 1259 1429 labuntur.
1278 1358 1330 1429 sit

178 1480 272 1550 enim
298 1478 418 1551 consul
440 1504 460 1549 a
484 1477 713 1550 consulendo
726 1478 781 1550 vel
799 1504 818 1549 a
834 1476 1034 1574 judicando
1063 1504 1071 1547 ε
1095 1500 1179 1547 nam
1202 1492 1238 1548 et
1256 1476 1328 1549 lroc

173 1599 352 1670 consulere
379 1614 517 1672 veteres
531 1613 768 1686 vocaverunt,
792 1597 889 1669 unde
903 1596 1023 1668 adhuc
1037 1611 1200 1668 remanet
1223 1595 1324 1685 illud,

116 1745 143 1790 ro
171 1735 274 1815 rogat
296 1719 379 1790 boui
397 1719 557 1791 corardus
585 1718 623 1789 id
651 1733 707 1790 est
727 1718 865 1790 bonum
889 1717 1061 1815 judices:
1094 1719 1234 1788 sertatui
1259 1742 1325 1788 no·
1354 1726 1394 1786 33

171 1865 254 1911 men
278 1838 418 1912 dederit
434 1855 517 1911 aetas
538 1839 550 1934 l
571 1864 654 1909 nam
673 1837 783 1910 iidem
805 1841 929 1908 Patres
945 1837 1058 1933 sunt),
1076 1850 1111 1908 et
1135 1864 1198 1907 rea
1216 1853 1327 1909 rector

170 1975 206 2031 et
223 1959 289 2030 alia
310 1959 464 2058 plurima
481 1959 681 2032 indubitata
702 1987 711 2030 z
734 1982 801 2031 nec
819 1957 1007 2029 abnuerim
1028 1959 1153 2052 togula
1175 1959 1324 2052 regulos·

168 2104 240 2177 que
251 2097 284 2153 et
298 2081 467 2152 similium
482 2080 537 2152 his
553 2081 729 2151 rationem
749 2106 757 2149 τ
770 2078 847 2175 jam
863 2079 908 2150 sit
927 2093 963 2149 et
977 2077 1101 2149 classis
1115 2102 1135 2147 a
1154 2075 1322 2167 caland0,

168 2215 204 2270 et
224 2201 325 2298 lopus
343 2202 469 2300 loripes
496 2215 532 2271 et
551 2199 673 2298 vulpot
695 2198 830 2299 volipes
860 2227 870 2268 .·
903 2199 1059 2269 etiamne
1087 2223 1107 2269 a
1136 2198 1325 2269 contrariis
1352 2202 1391 2261 3⁴

204 2457 229 2513 4.
250 2449 296 2519 qui
314 2467 320 2503 :
337 2449 450 2519 Regiur3
469 2466 530 2520 quoe
545 2465 551 2501 :
569 2447 645 2504 codd.
666 2446 859 2521 -paululum
877 2466 883 2501 :
901 2450 923 2500 A
939 2446 1036 2514 (omitt.
1055 2448 1146 2512 verba)
1160 2457 1186 2498 et
1205 2444 1321 2499 Borturll.

166 2540 236 2593 -5.
253 2548 301 2591 aut
319 2537 430 2609 adjectis
441 2549 489 2590 aut
503 2537 633 2591 detractis
653 2556 659 2592 :
678 2555 730 2591 om.
748 2539 781 2590 Α.
801 2567 835 2577 -
850 2541 911 2605 6-7.
925 2547 957 2589 ut
977 2537 1004 2589 in
1023 2536 1146 2608 parvis...
1166 2534 1294 2590 labantur
1313 2552 1320 2589 :

167 2629 194 2699 S,
213 2626 274 2682 Olu.
288 2658 323 2666 —
338 2646 365 2697 ς.
382 2629 417 2681 sit
431 2647 466 2681 ne
485 2629 585 2698 :7723,
604 2633 683 2697 7724,
698 2624 776 2690 Alite,
792 2626 874 2696 aad„
892 2625 991 2696 Horu,
1008 2628 1156 2698 Coppcron.
1171 2654 1206 2665 -
1217 2625 1244 2679 8.
1260 2641 1321 2677 ana

163 2716 316 2788 judicando
330 2736 337 2770 :
348 2717 450 2770 Badius
459 2725 485 2770 rt
493 2714 696 2789 quadorum..
707 2715 757 2769 sed
763 2715 842 2771 omle.
853 2745 888 2756 -
896 2733 923 2784 9.
934 2712 1138 2787 appellarerunt
1149 2712 1249 2787 :quad
1261 2713 1320 2767 edd.

165 2836 200 2848 -
217 2807 300 2859 nsit
317 2823 378 2860 rex:
392 2808 460 2879 conj.
477 2808 580 2877 Meyrr3
594 2815 621 2858 ct
634 2814 724 2858 rector
738 2822 785 2858 rex
802 2824 809 2860 :
824 2804 857 2876 1²3
874 2815 901 2857 et
915 2820 962 2857 rex
975 2813 1001 2857 et
1014 2817 1105 2857 rector
1121 2820 1219 2875 :77²2
1235 2811 1319 2869 -ιά,

166 2897 283 2949 etiamne
297 2914 312 2948 a
328 2895 473 2948 contrariis
487 2910 494 2946 :
508 2897 529 2946 B
544 2895 612 2964 ΝΡ)
624 2895 728 2946 etiama
741 2894 887 2947 contrariis
903 2912 910 2948 :
927 2893 968 2964 Q3
986 2893 1069 2946 etiam
1086 2910 1145 2945 earn
1160 2893 1320 2966 interpreta-

166 2985 268 3037 tionem
284 2995 384 3038 rectam
404 2981 569 3054 sequendam
590 2981 799 3052 improbandam
821 2982 987 3036 contrariam
1006 3000 1021 3034 a
1044 2982 1189 3063 contrarii?
1212 3001 1219 3035 ε
1236 2983 1261 3034 Η
1281 2984 1319 3053 K,

167 3075 269 3145 Comp,
285 3071 406 3142 Medici,
416 3070 495 3143 Atto,
513 3070 573 3125 Otr.
593 3072 662 3141 (curu
679 3069 933 3142 lerrifluctuatum).

198 3306 221 3349 5.
232 3297 364 3347 Porreetis.
382 3325 412 3334 -
432 3295 500 3360 ult,
514 3301 538 3361 l,
550 3300 591 3360 143
602 3295 723 3365 porrectis
764 3304 825 3348 mols
843 3298 960 3350 rienuent
980 3299 1011 3350 de
1028 3298 1125 3349 l'eolien
1145 3298 1318 3364 ilnoprzlsst.

164 3383 199 3423 ast
207 3373 252 3423 mis
259 3372 418 3440 illgamment
427 3389 489 3439 pour
493 3372 630 3442 productis.
640 3371 722 3424 Sm·
763 3374 840 3439 λίπω)
853 3381 877 3424 et
894 3376 992 3436 ἀλώπηξ
1001 3392 1033 3426 ou
1046 3376 1165 3435 deridunt
1179 3375 1235 3425 d'oir
1246 3375 1318 3425 ualo-

167 3462 248 3500 uttto.
760 3466 813 3517 pes,
824 3448 922 3520 volpes,
930 3450 1027 3521 uulpes.
1038 3454 1162 3504 -lsidore
1177 3451 1255 3517 (Orig.
1266 3464 1316 3510 nt.

197 3528 221 3574 t.
232 3526 268 3574 Sit
279 3524 350 3574 enim.
362 3553 393 3564 -
406 3524 581 3590 Laleqonsitue
592 3523 659 3575 rient
671 3525 722 3575 tres
766 3529 775 3576 l
792 3533 816 3575 et
830 3528 856 3588 2)
871 3528 975 3594 reprend
988 3529 1010 3578 la
1022 3528 1119 3579 theoria
1133 3527 1245 3591 d'AElius,
1259 3543 1317 3578 arec

165 3600 720 3668 probablementdel'alueriationrideerim.
761 3618 810 3652 une
840 3602 918 3669 ligere
939 3603 1100 3654 modification
1127 3621 1188 3672 pour
1217 3603 1315 3672 uulpes,

197 3680 221 3727 8.
240 3684 263 3726 A
277 3674 432 3727 consulendo.
446 3704 479 3716 -
490 3676 529 3727 Cl.
543 3682 629 3729 Festus
639 3677 720 3744 (Pauli
762 3699 774 3723 a
786 3678 855 3744 quasi
869 3679 976 3745 volupes,
993 3687 1030 3729 est
1039 3681 1105 3729 enim
1120 3680 1234 3730 volubilis
1248 3680 1317 3746 pedi·

162 3751 242 3815 Diae.)
258 3768 289 3800 :a
303 3751 423 3803 consulas
435 3753 529 3819 antiqui
537 3753 661 3822 ponebant
670 3771 719 3805 non
761 3753 838 3803 bus...
850 3760 874 3802 et
887 3755 1000 3803 tortuosis
1016 3755 1167 3804 anfractibus
1177 3755 1286 3806 currit...
1302 3777 1313 3799 ιι

162 3836 255 3878 tantum
264 3844 307 3894 pro
316 3826 443 3876 consilium
448 3837 519 3896 petor
526 3839 550 3877 et
556 3829 717 3898 perconteris,
798 3832 833 3878 tt.
842 3829 977 3877 Etiomoea
986 3829 1315 3895 eontrariu.-Laglorein·

161 3906 203 3955 sed
215 3903 288 3955 etiam
302 3920 347 3970 pro
351 3901 447 3971 judices
457 3913 479 3953 et
491 3914 596 3956 statuas.
610 3927 621 3954 r
635 3906 715 3970 (duct.
759 3903 863 3952 troduite
875 3903 936 3953 dans
944 3903 968 3953 le
977 3910 1041 3953 texte
1053 3904 1096 3953 des
1110 3904 1167 3954 illas.
1182 3904 1244 3954 dela
1255 3908 1316 3955 uer

161 3980 188 4031 L.
200 3981 229 4032 L.
243 3979 393 4042 Gothoiredi,
407 3996 432 4046 p.
444 3982 516 4043 272.)
758 3980 789 4029 de
799 3980 821 4029 la
834 3982 861 4029 δ’
867 3978 955 4029 classes
964 3986 1000 4030 est
1008 3979 1056 4030 tori
1062 3980 1181 4030 ancienne
1187 3981 1315 4047 puisqu'ou

196 4061 235 4107 ll.
251 4060 328 4124 lepus
345 4053 440 4125 levipes.
454 4083 489 4096 -
502 4056 718 4124 Getteetymologie
759 4056 780 4106 la
799 4062 882 4104 tronre
903 4054 956 4121 dtjt
970 4055 1031 4106 daus
1051 4055 1074 4106 le
1093 4054 1156 4107 cod.
1171 4054 1315 4106 Ambrosia·

162 4131 266 4180 ririeuse
279 4131 374 4182 donate
385 4148 429 4198 pur
447 4133 477 4184 t.
491 4132 571 4183 AEtius
582 4134 646 4184 erait
660 4132 714 4199 dejt
756 4135 831 4193 urrsI;
846 4131 1190 4182 admisedanslesanciennes
1199 4131 1312 4198 editione,

160 4204 199 4253 ite
210 4205 345 4255 combuttue
356 4223 400 4273 par
412 4206 508 4258 Varron
522 4224 528 4260 :
542 4208 580 4261 Cl.
593 4210 623 4259 t.
636 4208 713 4271 Gella,
756 4207 843 4273 rejetie
858 4222 902 4274 par
911 4206 999 4274 Regius
1012 4215 1036 4257 et
1053 4223 1098 4275 per
1114 4207 1136 4258 J.
1150 4207 1227 4271 trade,
1242 4209 1288 4260 elle
1300 4227 1314 4260 ι

163 4279 181 4338 1,
203 4283 242 4340 18;
258 4278 363 4331 AEliusa
377 4281 458 4333 donni
471 4283 536 4334 aussi
553 4283 713 4352 l’dtymologie
753 4282 792 4333 ite
805 4283 899 4351 reprise
910 4300 953 4351 par
963 4283 1073 4335 Obrecht
1088 4301 1118 4335 au
1126 4285 1203 4352 grand
1212 4285 1313 4337 itonne·

162 4353 325 4422 dequirolut
338 4352 562 4426 pedibusirulpes
575 4358 715 4430 cuvolpes,
760 4366 828 4409 ment
845 4359 876 4409 de
885 4359 1012 4428 Spalding.
1078 4346 1083 4355 ⁸

162 4436 187 4480 et
199 4428 291 4480 Varron
305 4430 409 4496 l'adopte
420 4431 459 4498 (t.
469 4431 497 4486 L.
508 4436 588 4501 430).
600 4435 646 4486 Cea
655 4436 720 4486 deux
