3248 5340
633 512 833 567 APPENDlX.
1203 531 1310 575 cxiiii

157 658 208 712 bus
221 661 368 729 geometria
384 660 482 730 probat
501 661 682 733 insequentia,
705 673 731 715 et
751 664 832 716 certis
854 664 977 717 incerta:
999 682 1091 717 nonne
1111 665 1139 719 id
1151 666 1178 720 in
1194 667 1311 721 dicendo

157 748 288 802 facimus?
298 748 391 815 Quid?
405 749 450 802 illa
462 751 665 823 propositarum
676 752 858 822 quaestionum
872 753 1080 807 conclusionne
1092 764 1149 808 tota
1163 754 1218 809 fere
1233 776 1312 810 eons-

157 847 196 891 ιιι
210 837 390 909 syllogismis?
404 841 519 911 Propter
534 839 609 911 quod
624 840 716 913 plures
732 841 854 894 invenias
872 843 919 913 qiu
933 841 1083 896 dialecticae
1097 842 1213 898 similem
1228 863 1312 916 quani

157 927 206 999 qui
222 926 366 980 rethoricae
379 927 516 982 fateantur
526 928 596 982 lianc
613 941 709 983 artem.
725 932 828 984 Verum
842 944 868 984 et
883 942 986 1003 orator,
1003 933 1108 985 etiamsi
1126 950 1198 1002 raro,
1213 934 1312 1005 [iioii¹]

158 1026 248 1069 tamea
261 1034 404 1088 nunquam
417 1019 547 1090 probabit
560 1018 712 1072 dialectice.
727 1018 797 1092 [38.]
812 1021 876 1072 llam
890 1031 915 1072 et
931 1019 1102 1092 syllogismis,
1117 1022 1138 1074 si
1155 1040 1196 1075 res
1208 1034 1311 1095 poscet,

158 1115 260 1174 utetur,
278 1117 304 1159 et
319 1116 392 1159 certe
403 1107 598 1173 enthimemate,
613 1108 662 1179 qui
685 1109 839 1162 rethoricus
853 1120 893 1162 est
908 1107 1089 1181 syllogismus.
1106 1111 1231 1183 lienique
1245 1130 1313 1185 pro·

158 1196 300 1249 batianum
316 1213 377 1268 quai
394 1206 458 1249 suat
472 1198 675 1269 potentissima,
690 1199 857 1269 argumentis
872 1207 897 1251 et
911 1199 1094 1272 experimentis
1104 1201 1229 1254 utetur²t
1246 1200 1312 1273 qaid

158 1294 249 1339 autem
263 1286 348 1356 magis
359 1287 448 1339 aratio
466 1304 548 1357 quam
564 1286 754 1359 probationem
770 1289 858 1360 petit?
873 1288 948 1359 [tq]
963 1286 1039 1341 Falsa
1052 1306 1164 1361 quisque
1179 1290 1314 1343 verisimi-

159 1373 197 1428 lia
210 1376 357 1446 geometria
373 1376 480 1428 ratione
493 1375 683 1448 deprehendit.
700 1378 741 1430 Fit
756 1377 808 1430 lioe
820 1391 846 1429 et
862 1378 889 1429 in
904 1377 1025 1431 numeris
1037 1395 1085 1449 per
1098 1378 1229 1449 quasdam
1247 1398 1314 1451 quas

158 1464 392 1539 pseudographiae
415 1476 520 1535 vocant,
545 1467 646 1537 quibus
665 1467 743 1539 pueri
763 1465 857 1520 ludere
879 1465 1045 1520 solebamus.
1065 1466 1117 1519 Sed
1137 1466 1190 1521 alia
1213 1469 1313 1521 maiora

159 1567 222 1607 sunt
228 1593 1309 1615 .............................................................

196 1644 267 1715 [tm]
288 1643 374 1714 Quid,
397 1643 472 1716 qnod
493 1663 520 1697 se
540 1644 633 1697 eadem
649 1646 795 1715 geometria
812 1643 883 1698 tollit
896 1644 930 1697 ad
952 1645 1085 1697 rationem
1104 1662 1191 1716 usque
1206 1645 1312 1716 mundi,

160 1734 187 1785 in
203 1751 268 1804 qua,
283 1751 346 1786 cum
361 1732 482 1786 siderum
496 1744 585 1787 certos
600 1735 819 1806 constitutosque
835 1751 932 1787 cursus
947 1735 1069 1787 ricimeris
1081 1732 1171 1805 docet,
1185 1733 1315 1789 discimus

159 1820 244 1875 nichil
258 1840 316 1875 esse
330 1822 519 1876 inordinatum
534 1833 616 1896 atque
630 1822 776 1877 fortuitum
792 1848 798 1878 ε
812 1822 888 1895 quod
907 1823 996 1895 ipsum
1012 1840 1212 1894 nonuunquam
1231 1824 1316 1897 perti·

160 1928 224 1965 nere
236 1911 270 1965 ad
284 1923 421 1966 oratorem
437 1922 526 1984 potest
533 1951 1311 1973 ............................................

197 2000 300 2072 [49]...
316 2002 343 2054 Si
358 1999 465 2054 autem⁸
477 2012 517 2055 est
531 2003 667 2056 oratori...
684 2002 718 2056 de
729 2003 858 2056 omnibus
871 2003 954 2055 rebus
966 2000 1123 2071 dicendum,
1140 2001 1217 2056 nullo
1233 2002 1316 2057 modu

161 2090 218 2142 siue
229 2092 377 2159 geometria
390 2101 479 2163 potest
494 2110 552 2145 esse
569 2102 672 2145 arator.

330 2281 422 2334 Cirur
442 2281 492 2334 1x.
512 2283 551 2333 De
568 2279 799 2354 pronunciationis
818 2287 843 2333 et
861 2288 955 2352 gestus
974 2278 1150 2334 institutione.

199 2462 258 2534 [XL
285 2466 362 2536 i....]
386 2463 588 2518 Pronuneiandi
605 2464 744 2518 seientiam
766 2463 876 2517 futurus
894 2462 1031 2518 desiderat
1043 2473 1146 2518 orator.
1164 2465 1224 2516 Non
1243 2464 1316 2517 euim

162 2571 289 2624 puerum,
305 2572 387 2627 quein
405 2555 431 2606 iii
447 2553 499 2607 lioc
514 2554 693 2624 instituimus,
711 2563 758 2607 aut
775 2552 898 2607 leminea·
915 2554 988 2606 iocis
1001 2550 1120 2606 exilitate
1139 2553 1226 2623 frangi
1244 2553 1316 2624 iulo,

162 2652 209 2695 aut
223 2641 345 2695 seniliter
359 2652 483 2697 tremere.
500 2643 549 2714 [a.]
564 2645 619 2696 Nec
632 2643 699 2696 vicia
713 2643 855 2696 ebrietatis
870 2642 991 2713 effingat,
1007 2660 1057 2695 nec
1072 2642 1160 2695 servili
1176 2660 1252 2695 more
1267 2644 1319 2694 im-

163 2731 277 2803 buatur3
301 2751 352 2785 nec
365 2733 476 2799 amoris,
491 2733 622 2799 avaricie,
645 2743 734 2786 metus
753 2732 840 2786 diseat
857 2730 989 2785 allectum
1007 2750 1014 2784 ε
1030 2749 1091 2803 quie
1105 2750 1194 2803 ireque
1215 2732 1319 2786 oratori

162 2831 226 2873 suut
240 2822 389 2877 necessaria
405 2836 430 2874 ct
444 2832 562 2876 mentem
584 2823 721 2895 principue
737 2823 765 2874 in
780 2832 857 2874 aetate
879 2823 967 2895 prima
983 2832 1103 2874 teneram
1121 2819 1212 2873 adbuc
1228 2831 1256 2873 et
1271 2838 1318 2873 ru-

162 2908 223 2962 dem
239 2910 376 2964 inliciunt.
395 2912 444 2981 [3.]
459 2913 526 2964 Nam
538 2910 667 2983 frequens
683 2913 798 2964 imitatio
820 2912 917 2963 transit
933 2911 959 2963 in
976 2927 1078 2962 mores.
1097 2911 1137 2962 Ne
1150 2915 1241 2980 gestus
1253 2909 1320 2981 qui·

163 2998 224 3051 dem
237 3001 326 3053 omnis
339 3010 386 3053 aut
402 3010 519 3055 motusa
534 3000 666 3054 conioedis
680 2999 815 3074 petendus
826 3010 865 3052 est
883 3018 889 3053 ε
906 3016 1064 3071 quanquam
1081 2998 1154 3052 enim
1171 3008 1319 3070 utrumque

163 3104 259 3141 eorum
271 3088 304 3141 ad
320 3089 467 3161 quemdam
482 3089 595 3143 modum
608 3101 736 3162 praestare
747 3089 829 3142 debet
841 3100 942 3157 orator,
959 3086 1109 3161 plurimum
1124 3098 1214 3140 tamen
1230 3088 1318 3140 aberit

163 3195 177 3229 a
198 3178 318 3246 scenico,
337 3198 387 3232 nee
408 3179 485 3233 vultu
503 3198 552 3232 nec
567 3197 650 3232 manu
669 3198 719 3233 nec
734 3178 946 3232 exciirsionibns
960 3177 1071 3231 nimius.
1091 3177 1159 3228 Nam
1176 3176 1197 3227 si
1216 3193 1271 3248 qna
1290 3177 1319 3228 in

164 3266 206 3318 liis
218 3284 262 3320 ars
275 3277 314 3320 est
329 3267 492 3337 dicentium,
508 3288 538 3322 eii
554 3270 640 3341 prima
655 3279 741 3323 estne
756 3286 799 3320 ars
809 3286 866 3320 esse
881 3266 1015 3319 videatur.
1032 3266 1080 3336 [4.]
1096 3263 1179 3332 Quod
1190 3274 1229 3317 est
1239 3264 1321 3334 igitur

164 3356 192 3408 iii
208 3355 250 3410 bis
264 3355 385 3411 doctoris
400 3357 540 3411 officinm?
556 3360 587 3411 ln
603 3358 698 3431 primis
711 3358 788 3428 sicia,
805 3357 827 3410 si
842 3375 896 3428 qua
908 3365 982 3421 sunt,
999 3356 1054 3407 oris
1066 3353 1191 3407 emendet
1209 3363 1258 3408 :ut
1273 3371 1320 3406 ex·

164 3462 256 3516 pressa
275 3447 329 3500 sint
348 3447 439 3510 rerba,
461 3458 492 3501 ut
512 3448 568 3501 suis
582 3465 697 3519 quaeque
721 3447 817 3500 litterae
831 3446 906 3499 sonis
920 3445 1111 3499 enuncientur.
1130 3442 1320 3510 Quarumdam

163 3535 237 3588 enim
252 3535 293 3588 iel
307 3536 429 3589 exilitate
445 3536 484 3589 vel
499 3536 665 3609 pinguedine
682 3538 765 3590 nimia
780 3534 937 3589 laboramus
951 3553 957 3588 :
971 3534 1102 3606 quasdam
1116 3531 1190 3586 ielut
1201 3533 1321 3586 acriores

163 3641 261 3695 parum
276 3624 421 3695 efficimus,
437 3640 464 3678 et
479 3625 539 3679 aliis
553 3645 609 3680 non
625 3625 813 3697 dissimilibus,
826 3624 873 3679 sed
885 3626 961 3698 quasi
979 3623 1168 3678 hebetioribus
1182 3632 1322 3697 permuta-

165 3730 234 3766 mus.
264 3714 312 3785 [5.]
334 3716 445 3787 Quippe
465 3718 487 3767 lt
507 3715 604 3770 litterar
624 3735 693 3768 sono
713 3714 909 3768 Demosthenes
925 3713 1097 3766 laboravit...
1114 3714 1175 3765 Non
1196 3711 1277 3765 verba
1293 3712 1320 3763 ia

166 3800 292 3856 faucibus
314 3806 434 3875 patietur
451 3805 551 3874 audiri,
575 3823 625 3857 nec
642 3806 699 3858 oris
719 3805 849 3857 inanitate
872 3820 1014 3866 resonare;
1040 3821 1101 3871 nee,
1118 3800 1192 3872 quod
1210 3800 1321 3852 mininie

165 3893 284 3945 sermoni
302 3911 373 3965 puro
397 3895 550 3965 conveniat,
572 3893 725 3966 simplicem
745 3894 819 3946 vocis
832 3902 957 3945 naturam
977 3890 1102 3962 pleniore
1119 3888 1237 3962 quadani
1253 3905 1321 3941 sono

164 3981 382 4038 circumlinire...
400 3982 449 4055 [8.]
466 3983 579 4037 Curabit
594 3984 692 4055 etiam,
709 4002 743 4036 iie
757 3993 884 4037 estremae
899 3980 1001 4033 sillabai
1012 3978 1183 4052 ,intercidant
1200 3996 1206 4030 :
1228 3987 1258 4030 ut
1272 3993 1322 4048 pai

165 4070 217 4124 sibi
232 4089 323 4125 serino
346 4073 395 4143 sit3
412 4084 442 4126 ut
460 4076 587 4145 quotiens
602 4072 812 4126 exclamandum
827 4072 887 4141 erit,
905 4069 995 4123 lateris
1009 4073 1124 4123 conatus
1144 4068 1178 4121 sit
1193 4065 1249 4138 ille,
1266 4084 1321 4119 uon

203 4276 226 4323 l.
239 4275 307 4335 Non,
325 4270 447 4341 supprimi
464 4289 507 4340 par
530 4272 557 4323 E.
577 4272 607 4322 de
628 4270 670 4333 li,
685 4279 721 4320 est
761 4269 792 4320 de
807 4268 837 4321 li.
851 4287 864 4319 a
879 4266 976 4320 madidi
987 4270 1009 4319 le
1027 4277 1098 4319 teile.

170 4347 349 4415 indispensable
363 4366 393 4398 au
409 4366 470 4399 sens.
798 4352 821 4398 a.
839 4352 925 4395 Autem
943 4344 1022 4410 ajoute
1032 4362 1075 4412 par
1086 4346 1114 4394 Ε.
1128 4343 1158 4393 de
1173 4337 1214 4403 lb,
1226 4343 1239 4393 i
1253 4353 1323 4393 cause

199 4427 224 4472 2.
242 4452 272 4462 —-
297 4424 329 4474 Le
352 4423 395 4473 ills.
418 4426 483 4476 tiit
504 4424 585 4474 dociae
613 4438 619 4473 :
639 4439 724 4490 grain·
765 4424 796 4473 de
819 4423 840 4472 la
869 4422 1022 4489 suppression
1048 4421 1078 4471 de
1096 4437 1124 4471 ce
1145 4419 1186 4486 qui
1210 4419 1320 4486 prieede.

165 4499 252 4548 matice
271 4498 383 4568 apodixis
405 4498 484 4565 iuilgo
499 4497 625 4550 dicantur.
645 4526 678 4537 -
695 4499 723 4548 ll.
