3248 5340
637 493 835 548 apruxotx.
1222 512 1303 553 cxiv

151 643 252 711 omnia,
270 652 301 694 ut
321 641 414 694 saltem
430 641 509 713 plura
525 642 598 694 liant.
617 642 668 695 Sccl
684 661 734 696 cm
750 643 858 697 deficiat
876 646 1001 698 animus?
1020 648 1121 700 Natura
1145 649 1218 701 enim
1239 669 1300 722 per-

152 730 253 783 lectum
274 742 411 784 oratorem
426 750 483 784 esse
498 749 553 784 non
572 730 699 803 prohibet
715 750 721 784 :
736 734 908 805 turpiterque
921 734 1081 806 desperatur
1100 736 1232 808 quicquid
1248 740 1304 791 lieri

152 830 253 892 potest.

549 999 642 1053 Carur
661 1001 722 1054 vn.
740 1003 778 1053 De
798 1000 911 1056 rnrnirn.

189 1179 272 1247 [9.]...
298 1177 369 1242 Quis
388 1177 495 1247 ignorat
518 1178 650 1247 nnrsicen‚
673 1192 703 1231 nt
727 1177 761 1231 de
783 1178 833 1232 bac
851 1180 971 1252 primum
987 1179 1093 1252 loquar,
1118 1192 1224 1235 tantum
1252 1184 1305 1236 iam

153 1265 208 1319 illis
222 1266 344 1337 antiquis
356 1266 538 1338 temporibus,
550 1285 606 1320 non
621 1267 705 1320 stuclii
721 1268 812 1337 modo,
834 1286 927 1322 verum
943 1270 1025 1321 etiam
1049 1273 1233 1325 venerationis
1256 1272 1306 1324 lia·

154 1355 254 1424 lauisse,
272 1365 303 1408 ut
318 1354 388 1408 idem
403 1357 498 1408 musici
514 1366 540 1408 et
555 1365 626 1408 rates
640 1366 664 1409 ct
680 1358 813 1428 sapientes
829 1356 1018 1411 indicarentur
1033 1359 1148 1429 (mittam
1160 1360 1237 1427 alios)
1250 1362 1306 1414 Or-

152 1442 239 1517 pheus
259 1453 286 1496 et
307 1444 392 1497 Linus
412 1461 419 1496 ι
444 1462 563 1515 quornm
580 1455 688 1518 uterque
702 1444 754 1497 eliis
768 1445 876 1515 genitur
889 1446 932 1501 ¹...
947 1449 1021 1515 [ιο.]
1036 1448 1196 1514 Timagenes
1209 1463 1307 1503 auctor

152 1544 202 1603 cst,
214 1535 338 1586 omnium
353 1534 379 1585 in
392 1532 489 1586 litteris
500 1533 654 1587 stuclinrnm
667 1535 884 1605 antiquissimam
900 1536 1021 1587 nmsiccn
1035 1537 1172 1589 exstitisse
1189 1555 1195 1589 :
1211 1548 1238 1590 et
1250 1548 1306 1590 tes·

152 1623 268 1676 timonio
283 1633 347 1676 sunt
362 1622 504 1675 clarissimi
520 1633 616 1696 poetar,
631 1623 705 1696 apud
715 1642 784 1694 (quos
797 1625 870 1676 inter·
889 1623 987 1694 regalia
1002 1626 1125 1678 convivia
1147 1625 1241 1679 landes
1256 1625 1306 1679 hc-

152 1730 231 1765 roum
246 1731 278 1765 ac
297 1711 412 1765 dearum
427 1712 462 1765 ad
481 1711 621 1784 cytharam
638 1712 817 1766 canebantur.
833 1714 912 1785 Iopas
936 1731 999 1767 vcro
1018 1713 1064 1767 ille
1089 1713 1196 1784 Virgilii
1214 1734 1307 1769 nonne

156 1801 230 1852 canit

526 1901 631 1938 errantem
643 1893 713 1938 lnnern
724 1892 818 1953 solisque
833 1892 926 1951 labores,

370 1977 484 2019 Arcturum
499 1973 627 2034 pluriesque
636 1973 719 2035 Hyades
730 1973 869 2036 geninosqae
878 1973 978 2031 Triones,

369 2053 432 2100 Unde
447 2054 554 2099 hominurn
569 2068 636 2115 genus
648 2063 670 2100 et
684 2053 789 2115 pecudes,
801 2054 936 2101 pateinter
950 2064 972 2101 et
983 2055 1056 2116 ignes;

368 2134 425 2190 Quid
435 2143 515 2180 tentum
530 2137 619 2180 Oceano
634 2144 753 2197 properent
766 2151 789 2180 re
801 2136 886 2196 tingere
899 2136 956 2182 soles

368 2213 466 2271 llyberni
475 2214 520 2258 ecl
533 2230 581 2275 qne
595 2215 661 2260 tardis
676 2229 735 2260 rnora
749 2213 1009 2274 certissimaeque*

187 2355 297 2421 Quibus
309 2369 382 2409 certe
394 2355 483 2428 palam
498 2356 642 2410 conlirmat
656 2367 753 2410 auctor
769 2357 1000 2411 eminentissimus
1017 2357 1138 2409 musicen
1154 2372 1217 2407 cnm
1236 2354 1305 2406 disi·

152 2461 248 2496 narum
262 2462 353 2497 rerum
367 2447 523 2515 cognitione
548 2464 605 2498 esse
626 2447 811 2500 coniunctam.
832 2448 899 2515 [rr]
915 2445 997 2511 ancl
1013 2447 1033 2497 si
1047 2444 1138 2514 datur,
1156 2445 1208 2497 crit
1223 2444 1305 2496 etiam

152 2533 253 2586 oratori
275 2535 424 2587 necessaria
442 2534 596 2607 :siquidem
615 2535 794 2607 luecquoqne
809 2539 848 2602 (ut
864 2533 994 2605 diximus)
1009 2551 1071 2605 pars
1088 2536 1123 2587 ab
1149 2534 1306 2588 oratoribus

151 2621 253 2691 relicta,
271 2640 286 2675 a
301 2622 473 2696 philosophis
488 2636 630 2695 occupata,
651 2625 737 2677 nostri
752 2625 843 2697 operis
859 2622 920 2690 luit,
937 2642 969 2677 nc
983 2625 1041 2676 sinc
1061 2624 1185 2676 omnium
1209 2622 1305 2676 talium

149 2712 260 2764 scientia
277 2731 331 2765 non
348 2725 505 2785 potestesse
519 2712 639 2784 perlecta
653 2711 821 2785 eloquentia.
838 2713 905 2783 [ra]
918 2716 1009 2784 Atque
1026 2712 1115 2765 claros
1132 2713 1242 2765 nonnne
1261 2730 1305 2764 sa·

153 2801 261 2872 pientiae
275 2802 347 2854 viros
359 2820 440 2855 nemo
450 2801 615 2855 dubitaverit
628 2802 766 2856 studiosos
778 2802 889 2856 musicae
904 2802 997 2874 luisse,
1011 2820 1074 2855 enm
1090 2801 1255 2873 Pythagoras
1267 2810 1305 2860 at·

154 2907 208 2960 que
221 2908 284 2944 eum
296 2892 392 2960 secuti,
410 2901 549 2963 acceptam
565 2892 623 2943 sinc
635 2891 722 2945 ‹lnbio
735 2892 896 2964 opinionem
912 2889 1090 2961 vulgaverint,
1106 2890 1239 2943 tumidum
1263 2891 1302 2960 ip·

153 2995 215 3031 sum
228 2979 334 3032 ratione
348 2999 404 3032 esse
417 2982 611 3052 cornpositum,
623 2999 704 3052 qnam
719 2991 811 3053 postea
829 2979 884 3052 lyra
900 2980 935 3033 sit
950 2980 1066 3033 imitata.
1082 2980 1138 3031 Nee
1154 2978 1200 3031 illa
1222 2978 1304 3031 moelo

150 3070 271 3120 contenti
287 3067 460 3123 dissimilium
475 3068 634 3138 concordia,
656 3087 739 3140 quarn
765 3079 863 3122 vocant
885 3068 1046 3136 armoniam,
1069 3086 1168 3121 sonum
1193 3085 1304 3137 quoqne

152 3155 193 3209 liis
204 3156 325 3210 motibus
340 3156 486 3212 dederunt.
505 3159 573 3228 [ri]
588 3159 656 3210 Nam
671 3158 757 3229 Plato,
775 3175 839 3212 cum
852 3161 878 3210 in
892 3157 953 3210 aliis
968 3155 1142 3228 quibusdam,
1162 3165 1221 3208 tum
1233 3173 1303 3226 pnr-

150 3244 232 3316 cipue
246 3245 273 3297 in
286 3246 398 3315 Timaeo,
415 3266 449 3299 ne
465 3245 580 3317 intelligi
598 3246 721 3318 quidem,
744 3248 794 3299 nisi
810 3246 845 3299 ab
859 3245 901 3299 his
912 3247 959 3316 qui
973 3244 1043 3298 hanc
1063 3262 1175 3316 quoque
1198 3256 1303 3314 partem

148 3333 300 3406 disciplina¹
316 3334 459 3405 diligenter
486 3337 669 3408 perceperint,
688 3346 787 3408 potest.
806 3338 846 3388 De
863 3334 1035 3408 philosophis
1052 3332 1161 3405 loquor,
1183 3350 1302 3403 quorum

123 3421 126 3425 ’
150 3424 207 3495 ipse
222 3422 283 3476 lons
300 3423 425 3477 Socrates
445 3426 497 3477 iam
516 3444 598 3478 senex
618 3427 723 3478 institui
747 3424 804 3496 lyra
828 3443 883 3477 non
908 3424 1096 3478 erubescebat.
1120 3423 1188 3493 [rt]
1214 3424 1303 3475 linces

149 3513 283 3565 maximos
297 3524 322 3565 et
337 3513 437 3568 fidibus
455 3524 480 3566 ct
499 3513 573 3567 tibiis
588 3514 717 3567 cecinisse
741 3513 872 3567 traditum
887 3522 927 3567 est
936 3514 947 3547 ³
952 3550 1298 3572 ....................

184 3602 253 3673 [au]
270 3603 395 3674 Denique
408 3604 435 3656 in
451 3604 627 3674 proverbium
640 3622 727 3675 usquc
742 3603 900 3656 Graeconnn
914 3603 1084 3657 celebratum
1100 3615 1141 3657 est
1158 3620 1164 3655 :
1179 3603 1303 3656 Indoctus

147 3691 285 3745 arvernicis
306 3700 388 3764 etque
405 3693 493 3746 Grecis
511 3693 608 3745 abesse.
628 3692 696 3763 [am]
719 3694 822 3746 Verum
838 3693 906 3764 qnid
925 3712 955 3745 ea
971 3694 1083 3765 proprie
1098 3703 1171 3765 petat
1193 3690 1303 3746 iuturus

183 3873 205 3920 1.
223 3869 253 3920 E.
267 3870 298 3920 de
308 3870 338 3920 ll.
349 3870 418 3920 amis
429 3870 451 3921 le
464 3871 596 3921 nominatis
610 3888 641 3921 ιιιι
650 3871 698 3921 lieu

147 3945 177 3995 ele
191 3945 333 4007 incensant,
353 3946 394 4012 qui
415 3954 452 3996 est
476 3947 535 3997 dans
551 3948 573 3997 le
595 3948 700 4008 textuit

753 3872 775 3920 le
796 3870 932 3921 Bcceeasis.
946 3870 1007 3920 llnis
1023 3870 1051 3921 Ε.
1063 3871 1093 3919 de
1115 3869 1155 3927 li.³
1168 3868 1209 3935 qui
1228 3869 1303 3919 savait

749 3964 793 3998 son
817 3946 916 4013 Virgile‚
935 3945 1030 3997 avonln
1045 3945 1175 3995 transerire
1187 3944 1251 3993 aussi
1267 3944 1303 3993 les

146 4037 218 4071 cause
234 4021 264 4071 de
281 4021 304 4071 la
321 4021 476 4088 suppression
493 4023 525 4072 clu
545 4038 642 4090 passage
658 4022 699 4088 qni

146 4106 204 4146 ann.

185 4176 209 4223 a.
225 4173 325 4239 nque,
339 4163 439 4234 tutin,
456 4173 474 4231 ι,
489 4176 609 4226 ιιι-ιιι.
625 4202 656 4211 -
667 4174 700 4224 Le

150 4249 256 4315 premier
271 4265 324 4298 rere
332 4248 465 4299 seulement
478 4250 559 4299 derait
567 4266 592 4299 se
603 4259 700 4300 trouver

148 4325 208 4375 dans
231 4325 254 4374 le
285 4325 331 4377 Ms.
357 4325 490 4385 ucecensis,
515 4342 610 4375 comme
640 4326 700 4376 dens

149 4407 202 4449 tons
219 4398 254 4448 les
267 4409 360 4460 antres;
372 4415 433 4449 nous
444 4416 474 4449 en
489 4415 564 4449 arom
575 4400 598 4449 Ιιι
611 4416 700 4467 preme

147 4474 208 4524 dens
224 4475 246 4525 le
260 4474 305 4525 tls.
316 4478 381 4526 tuo
399 4475 431 4542 (1⁰
457 4478 499 4536 tt,
515 4476 563 4539 c'¹).
578 4475 646 4544 copie
659 4493 700 4526 sur

290 4577 440 4624 putarimus.

749 4032 838 4088 quatre
849 4023 965 4073 suivants.
978 4021 1147 4087 Remarqnous
1163 4037 1195 4069 en
1208 4029 1279 4070 outre
1294 4035 1300 4069 :

752 4102 778 4149 1⁰
792 4097 852 4162 qu'il
872 4114 886 4147 a
907 4095 1032 4164 transpose
1045 4096 1067 4144 le
1085 4093 1112 4144 2‘
1131 4104 1156 4144 et
1170 4093 1193 4143 le
1216 4097 1259 4154 3⁰3
1273 4098 1302 4143 2⁰

749 4175 809 4240 qn'il
826 4193 839 4223 a
858 4173 901 4222 tan
913 4190 960 4223 une
978 4172 1044 4222 laute
1062 4173 1092 4221 de
1104 4169 1214 4236 qnantiu'¹
1227 4178 1251 4219 et
1269 4185 1302 4218 un

749 4267 804 4300 cers
818 4250 917 4300 lioiteux
927 4265 958 4299 eu
972 4247 1080 4309 dernier,
1095 4247 1126 4296 nir
1142 4246 1158 4294 il
1173 4262 1186 4294 a
1204 4244 1250 4293 mis
1259 4254 1303 4293 erit

749 4340 779 4373 au
795 4324 844 4373 lieu
863 4322 893 4372 de
912 4320 957 4384 cel,
978 4321 1073 4386 qnej’ai
1086 4318 1180 4369 retabli.

784 4404 807 4451 3.
826 4404 871 4448 Est
887 4398 932 4449 mis
950 4414 1012 4464 pour
1031 4407 1056 4446 et
1076 4411 1121 4464 par
1140 4395 1167 4448 Ε.
1180 4395 1210 4443 de
1228 4394 1301 4455 R.,i

749 4492 821 4525 cause
838 4475 868 4525 de
885 4474 908 4524 ln
922 4472 1076 4540 suppression
1094 4472 1125 4521 ile
1145 4487 1174 4521 ce
1187 4471 1229 4536 qni
1244 4471 1301 4521 snit.

1150 4565 1178 4608 10
