3248 5340
304 506 354 557 114
634 501 672 554 Μ.
699 500 815 556 FABH
839 497 1121 572 QUlNTlLlANl

301 677 411 749 quam
426 652 544 723 brevis
559 670 724 722 naturam
737 650 858 742 habet,
870 665 947 722 tum
963 648 1233 720 incommodum
1243 645 1462 744 aliquando.

305 777 392 844 Nam
408 774 444 844 in
463 774 519 872 iis,
539 797 618 869 quae
639 773 838 870 proximam
857 771 904 842 ab
922 770 1048 841 ultima
1064 770 1217 840 litteram
1232 794 1252 837 e
1267 765 1464 838 habebunt

303 908 337 963 et
357 896 371 961 ι’
391 891 494 987 longa
516 891 818 979 terminabuntur,
841 891 936 963 illam
957 892 1133 962 rationem
1155 903 1360 984 sequentes,
1380 903 1461 958 ute·

307 1038 388 1083 mur
412 1041 431 1081 e
455 1014 613 1109 gemina,
642 1011 760 1109 qualia
789 1026 872 1083 sunl
899 1011 992 1101 lreec,
1017 1013 1118 1081 aurei
1141 1014 1316 1104 argentei,
1343 1024 1380 1079 et
1404 1008 1460 1080 his

232 1142 268 1199 Π
305 1131 450 1220 similia;
470 1132 579 1229 idque
593 1133 635 1203 iis
651 1133 844 1231 praecipue,
860 1133 922 1228 qui
936 1130 980 1202 ad
996 1131 1187 1203 lectionem
1203 1129 1455 1220 instituentur,

310 1254 416 1323 etiam
434 1252 695 1350 impedimento
710 1253 790 1341 erit,
804 1255 893 1323 sicut
909 1252 944 1323 in
964 1252 1084 1346 graecis
1099 1248 1231 1321 accidit
1248 1247 1456 1346 adjectione

300 1398 311 1440 ι
334 1371 475 1458 litterae,
497 1396 607 1468 quam
627 1397 700 1443 non
716 1372 831 1443 solum
852 1373 981 1444 dativis
998 1370 1138 1442 casibus
1151 1370 1188 1440 in
1210 1385 1315 1468 parte
1329 1368 1455 1441 ultima

300 1491 502 1583 ascribunt,
547 1493 609 1564 sed
650 1491 865 1588 quibusdam
901 1493 1008 1563 etiam
1045 1493 1302 1588 interponunt,
1341 1506 1383 1561 ut
1419 1492 1454 1565 iu

296 1615 493 1698 ΛΗΙΣΤΗΙ,
524 1614 606 1710 quia
636 1611 849 1709 etymologia
874 1636 915 1682 ex
938 1611 1114 1683 divisione
1134 1612 1170 1682 in
1196 1626 1268 1681 tres
1297 1609 1454 1706 syllabas

227 1747 265 1806 18
308 1733 402 1803 lacta
431 1732 608 1804 desideret
630 1757 710 1802 eam
730 1731 897 1803 litteram.
914 1737 965 1802 [Ε
983 1730 1168 1828 syllabam,
1191 1731 1295 1828 cujus
1319 1755 1451 1802 secun·
1480 1754 1505 1797 ιο

295 1853 376 1924 dam
398 1878 528 1924 nunce
548 1851 704 1951 litteram
719 1854 901 1951 ponimus,
925 1853 1021 1923 varie
1039 1876 1105 1950 per
1119 1878 1141 1920 a
1158 1865 1194 1922 et
1207 1855 1220 1920 i
1233 1849 1452 1939 efferebant,

294 1972 441 2069 quidam
470 1997 612 2071 semper
635 1987 674 2044 ut
700 1973 828 2060 Graeci,
858 1972 1007 2069 quidam
1040 1971 1266 2068 singulariter
1291 1986 1449 2059 tantum,

294 2117 377 2162 cum
405 2093 441 2162 in
471 2092 633 2164 dativum
657 2092 712 2163 vel
731 2093 927 2188 genitivum
955 2117 1076 2163 casum
1103 2090 1324 2183 incidissent,
1354 2092 1454 2164 unde

293 2215 408 2311 pictai
419 2215 540 2304 aeras,
558 2228 592 2285 et
606 2215 712 2312 oqum'
725 2213 891 2309 Virgilius
902 2213 1164 2284 amantissimus
1177 2214 1365 2284 vetustatis
1377 2237 1453 2284 car-

296 2332 453 2404 minibus
477 2335 637 2406 inseruit.
663 2339 704 2403 ln
725 2333 850 2404 iisdem
872 2333 1000 2432 plurali
1025 2357 1214 2405 numeroe
1238 2331 1451 2425 utebantur,
1480 2348 1504 2394 ¹⁵

295 2452 334 2521 lu'
347 2453 465 2544 Syllae,
486 2452 616 2522 Galba.
633 2457 694 2523 Est
712 2454 749 2523 in
772 2453 841 2525 lrnc
864 2478 1009 2551 quoque
1025 2470 1125 2553 parte
1141 2452 1266 2525 Lucilii
1286 2478 1449 2552 praecep·

286 2652 289 2658 ·
333 2649 358 2682 a.
373 2629 401 2681 in
417 2627 459 2682 his
476 2648 483 2683 ε
499 2628 576 2684 codd.
596 2662 633 2672 -
648 2628 745 2693 4'.his:
766 2631 853 2687 ornile.
868 2633 901 2686 E.
915 2661 949 2687 ‚—
964 2633 990 2684 8.
1007 2631 1053 2685 sed
1070 2633 1098 2684 in
1113 2631 1279 2702 quibusdam
1298 2649 1305 2686 :
1323 2632 1347 2684 C
1367 2633 1451 2684 L.-

291 2736 319 2786 9.
342 2719 415 2771 inter
434 2717 551 2790 syllabas
572 2737 578 2770 :
599 2723 704 2793 Campa,
724 2720 823 2791 Harl,
841 2723 997 2795 Cappermm
1021 2723 1049 2773 in
1069 2721 1137 2775 duas
1149 2719 1265 2792 syllabas
1288 2737 1295 2773 :
1324 2720 1394 2774 Bod.
1415 2751 1451 2762 -

298 2826 342 2860 ιο.
359 2811 394 2859 AE
403 2806 534 2878 syllabam
550 2824 556 2860 :
578 2809 603 2861 Ν
625 2809 655 2875 P,
670 2806 791 2878 Mediot,
805 2807 898 2863 Halm.
913 2837 948 2852 -
966 2811 1008 2863 13.
1024 2808 1065 2862 rel
1080 2811 1108 2862 iu
1121 2810 1272 2880 genitivum
1285 2828 1291 2862 z
1305 2809 1339 2863 P.
1354 2839 1389 2850 —
1407 2819 1450 2874 12.

291 2895 333 2948 vel
348 2896 440 2950 aulai:
457 2897 566 2970 quidam
580 2897 657 2951 codd.
675 2897 739 2951 deu.
759 2906 784 2950 et
798 2897 857 2952 edd.
871 2926 905 2939 -
920 2901 962 2952 15.
976 2898 1063 2951 Iidem
1079 2899 1108 2951 in
1125 2898 1225 2970 plurali
1244 2900 1284 2954 :F
1300 2919 1314 2950 2
1332 2907 1345 2932 ²
1359 2917 1396 2952 m.
1416 2900 1449 2966 C,

295 2985 357 3040 Otr.
378 3015 413 3027 -
432 2989 473 3040 ιθ.
489 2985 531 3039 his
547 2985 627 3057 Syllae
643 3005 649 3041 :
664 2988 686 3039 N
700 2989 728 3055 P,
747 2988 826 3057 7725,
843 2987 876 3039 iis
890 2985 969 3059 syltae
985 3006 1086 3059 ²77²73
1097 2989 1124 3040 in
1135 2987 1177 3041 his
1189 2987 1268 3059 Syllae
1282 3005 1290 3042 :
1304 2989 1369 3043 our.

291 3155 428 3205 nullement
445 3156 558 3221 question
577 3157 607 3205 de
625 3156 647 3206 le
665 3156 750 3206 valeur
766 3157 797 3206 de
824 3157 845 3206 le
924 3155 1449 3227 15.lniisdemplureli.-l.etextcd'o·

289 3233 401 3297 royeller'
416 3233 468 3297 qui,
479 3233 540 3282 dans
554 3241 608 3282 tous
619 3232 654 3282 les
665 3242 846 3293 crusciacum
887 3241 974 3292 breche
1001 3243 1112 3308 poumit
1134 3246 1186 3294 ῥιη
1211 3243 1274 3294 nimi
1297 3245 1400 3297 modin&
1423 3257 1448 3297 et

290 3308 398 3372 toujours
413 3307 517 3372 longae,
535 3308 582 3357 soit
596 3307 684 3373 qu'elle
701 3324 793 3374 prenae
806 3308 845 3368 l'r,
886 3317 1026 3368 semblenit
1037 3334 1062 3368 se
1075 3317 1222 3385 rrpprocher
1235 3319 1267 3370 de
1281 3320 1305 3371 la
1318 3321 1392 3388 leqou
1406 3324 1448 3373 des

289 3382 336 3430 soit
350 3383 439 3446 qu'elle
457 3393 521 3432 mle
539 3384 614 3432 seule·
636 3406 647 3428 ν»
668 3383 794 3434 Pomm.
813 3412 845 3421 -„
885 3391 941 3442 Mss.
954 3408 961 3444 ε
975 3392 1051 3442 Iidem
1060 3392 1160 3461 plurali
1171 3412 1273 3444 rrumero
1286 3413 1300 3445 e
1312 3396 1448 3448 utebantur

290 3455 407 3521 Spalding
416 3458 452 3506 dit
466 3475 513 3522 que
526 3457 659 3517 Quintilien
668 3476 700 3509 ne
711 3460 794 3510 diduit
804 3477 845 3527 pas
886 3467 956 3519 mltis
965 3467 1051 3535 Syllae,
1060 3467 1152 3520 dalbs.

293 3547 341 3579 une
351 3531 521 3596 consequence
533 3545 616 3583 exacte
631 3535 672 3584 des
681 3536 847 3602 propositions
922 3549 961 3596 16.
968 3544 1259 3616 Luciliipraereptnm.-
1267 3548 1446 3601 Nousn’arous

289 3605 349 3671 qu'il
360 3606 561 3693 vient'd'itablir.
886 3636 929 3687 pes
950 3621 972 3670 le
992 3621 1056 3688 tegle
1074 3622 1170 3673 donuie
1184 3639 1228 3690 par
1247 3623 1369 3686 Lucilius,
1384 3627 1444 3677 meis

324 3684 348 3766 l:
357 3687 444 3744 Aurei,
457 3685 580 3750 argentei.
606 3685 685 3735 -La
697 3686 794 3754 plupart
804 3690 845 3739 des
886 3696 1034 3747 buln-Gelle
1049 3713 1136 3747 nousa
1158 3699 1275 3751 conserve
1295 3700 1376 3761 (bill,
1402 3704 1443 3765 25)

290 3756 395 3808 editions
409 3758 520 3809 donnent
529 3762 623 3824 aureei,
638 3764 772 3830 urgenteei,
783 3781 845 3830 pour
887 3788 919 3820 un
929 3787 1027 3838 passage
1035 3774 1154 3837 analogue
1163 3774 1193 3825 dc
1202 3774 1229 3826 P.
1243 3775 1356 3843 Nigidius
1371 3795 1377 3829 :
1395 3777 1444 3828 «si

289 3833 416 3900 appliquer
439 3835 461 3884 le
485 3835 549 3901 aigle
574 3836 704 3902 indiquie;
725 3839 741 3887 il
756 3839 846 3890 semble
886 3869 898 3891 e
920 3847 993 3915 liujus
1012 3849 1084 3898 amici
1098 3849 1135 3900 rel
1148 3847 1219 3918 liujus
1238 3854 1325 3920 magni
1338 3855 1443 3917 scribes,

291 3910 344 3974 plus
361 3910 479 3975 probable
494 3927 542 3976 que
562 3913 665 3964 l'auteur
682 3915 717 3965 eit
734 3916 844 3982 emptore
886 3945 898 3967 «ι
916 3940 992 3973 unum
1009 3925 1018 3972 i
1032 3925 1104 3975 lecito
1117 3935 1265 3990 extremum,
1284 3929 1323 3979 sin
1345 3946 1406 3981 vero
1419 3930 1444 3980 lu'

290 3984 313 4033 la
330 3985 407 4035 forme
423 4004 531 4049 connue,
552 3988 653 4040 laissant
670 4007 700 4040 au
715 3992 807 4041 leeteur
822 3992 844 4041 le
890 4021 901 4043 a
915 4000 1021 4066 magnei,
1035 3999 1060 4049 lii
1083 4002 1177 4064 amirei,
1198 3995 1256 4053 casu
1271 4005 1444 4057 multitudiuis

289 4061 342 4109 soiu
356 4062 385 4109 do
404 4063 519 4128 suppleer
536 4065 718 4132 l'orthograplre
734 4067 841 4132 antique.
887 4097 898 4117 a
915 4085 990 4133 recto,
1011 4084 1064 4125 tum
1076 4087 1132 4126 aute
1152 4078 1160 4126 i
1177 4078 1338 4130 scribendum
1358 4084 1409 4134 erit
1421 4102 1443 4146 e,

291 4162 322 4174 —
341 4137 497 4188 Almeloieeu
513 4141 550 4190 dit
561 4159 608 4205 que
626 4143 676 4191 l'cu
697 4142 797 4192 terii-air
807 4143 843 4192 l'E
886 4174 897 4194 «ι
913 4160 985 4216 atque
999 4152 1023 4200 id
1032 4153 1110 4219 ipsum
1121 4152 1192 4204 lecics
1201 4153 1227 4203 iu
1237 4155 1371 4208 similibus.
1384 4158 1443 4209 ltem

289 4212 388 4275 double,
399 4213 449 4275 Eu,
464 4217 542 4282 requi
556 4218 686 4267 ressemble
700 4219 712 4267 i
729 4217 767 4267 l'll
778 4235 840 4283 grec.
888 4247 898 4268 a
918 4226 938 4274 si
951 4227 1022 4292 lupus
1035 4229 1113 4277 terrai
1125 4229 1225 4291 scribes,
1239 4231 1248 4278 ι’
1260 4230 1345 4283 littera
1360 4235 1393 4285 sit
1404 4253 1444 4285 ex·

326 4293 364 4342 ll.
383 4296 463 4343 Pictoi
472 4294 547 4342 uestis
556 4304 578 4341 et
593 4296 667 4363 aquai
683 4324 714 4332 -
725 4294 780 4344 AEn.
794 4295 839 4352 lx,
885 4325 896 4346 a
914 4311 1004 4364 trema;
1019 4305 1039 4353 si
1048 4303 1102 4353 huic
1112 4315 1192 4369 terroe,
1203 4322 1248 4374 per
1261 4309 1445 4362 escribendum

288 4371 333 4427 lm
349 4369 399 4431 Vll,
416 4375 478 4432 46st
498 4387 531 4421 011
541 4378 624 4421 trouve
634 4369 703 4421 arilei
713 4371 786 4422 :AEn
799 4373 840 4435 lll,
884 4401 895 4421 a
912 4389 955 4427 est.
970 4400 981 4423 »

288 4446 350 4493 35⁴.
