3248 5340
675 515 873 571 APPENDlX.
1231 533 1352 575 cxxxix

196 688 363 745 pervacuum
383 679 452 736 erat,
468 671 521 722 nisi
542 670 686 722 ambitiosa
706 667 880 721 testinatione
896 668 1019 741 plerique
1035 687 1049 722 a
1066 671 1266 742 posterioribus
1281 673 1354 725 inci-

197 770 293 834 perent
308 780 316 812 a
330 769 358 811 ct
372 758 439 811 dum
460 767 596 811 ostentare
616 756 767 830 discipulos
786 758 858 810 circa
876 759 1041 829 speciosiora
1058 758 1173 825 malunt,
1188 761 1353 832 corripendin

196 858 381 903 morarentur.
396 845 462 920 [ab]
478 850 512 900 dt
527 848 548 899 si
561 847 623 917 qius
635 857 661 898 et
674 845 800 898 didicerit
813 847 888 916 satis,
901 856 928 899 et
943 846 1018 917 quod
1033 848 1123 901 minus
1138 848 1230 901 deesse
1243 849 1352 902 interim

196 935 274 1004 solet,
293 947 320 989 ct
335 935 452 989 voluerit
464 934 564 987 docere
577 954 638 1006 qum
651 934 759 1005 didicit,
776 952 832 987 tion
845 935 898 986 crit
910 946 1057 989 contentus
1069 935 1176 989 tradere
1190 939 1217 990 in
1230 939 1354 990 nomini·

197 1026 248 1080 bus
273 1027 323 1078 tria
338 1042 447 1095 genera,
468 1033 494 1076 ct
510 1042 569 1094 qttae
587 1023 639 1076 siut
656 1022 766 1076 duobus
785 1023 947 1075 omnibusve
960 1027 1128 1078 eommunia.
1143 1024 1210 1097 [aad
1228 1027 1283 1079 Nec
1297 1040 1355 1079 sta·

196 1116 245 1168 tim
258 1113 429 1184 diligentem,
444 1113 493 1183 qui
509 1113 675 1185 promiscua,
691 1130 753 1183 quae
764 1110 903 1184 epychena
916 1112 1057 1178 dicuntur,
1074 1113 1235 1183 ostenderit,
1252 1116 1280 1167 in
1292 1117 1354 1187 ιμιί-

199 1203 249 1257 bus
267 1220 349 1256 sexos
367 1201 501 1273 uterque¹
526 1198 595 1273 [per]
616 1200 732 1253 alterum
752 1214 865 1273 apparet
888 1219 894 1253 :
915 1211 962 1254 aru
983 1219 1044 1272 qua
1069 1201 1200 1255 feminina
1218 1205 1354 1275 positione

198 1310 295 1359 mares,
310 1301 358 1343 aut
373 1289 489 1343 neutrali
505 1288 618 1342 leudnus
634 1289 786 1358 significant
803 1288 913 1361 :qualia
926 1303 990 1342 suut
1003 1291 1124 1344 Muraena
1140 1303 1166 1344 et
1183 1291 1350 1363 Glycerium.

199 1379 265 1452 {ab}
278 1379 452 1432 Scrutabitur
466 1388 616 1450 ffiraeccptor
625 1395 685 1430 atter
695 1387 777 1448 aliiue
790 1377 899 1430 subtilis
910 1378 985 1430 mille
995 1380 1138 1431 nominum
1150 1381 1277 1450 origines,
1293 1399 1354 1453 qua

200 1480 226 1522 et
240 1467 335 1520 babitu
348 1469 473 1538 corporis
487 1468 595 1536 Longos
611 1465 753 1537 illisosque
767 1465 924 1520 set-crunt...
938 1465 1040 1538 [ιδῃ.
1053 1469 1161 1533 Quaerat
1174 1470 1266 1534 etiam,
1283 1471 1354 1521 sitne

199 1556 272 1630 apud
283 1558 392 1609 Graeros
402 1557 441 1608 vis
450 1555 574 1626 quaedam
588 1556 654 1608 sexti
666 1572 753 1621 casus,
768 1565 795 1606 ct
808 1554 883 1627 apud
896 1573 946 1607 nos
957 1572 1068 1626 qtroque
1077 1557 1198 1627 septimi.
1210 1559 1276 1609 Natu
1290 1575 1352 1611 cum

198 1646 260 1699 dico
277 1663 283 1698 :
300 1645 376 1697 basta
390 1645 522 1718 percussi,
541 1662 597 1696 riou
612 1654 676 1696 utor
689 1642 800 1695 ablativi
814 1653 924 1714 natura,
946 1662 1004 1711 viee,
1023 1644 1044 1695 si
1060 1643 1130 1696 idem
1145 1644 1235 1698 dicam
1248 1646 1352 1709 Graece,

198 1733 292 1788 dativi.
309 1732 378 1806 [η]
391 1732 443 1786 Sed
455 1733 482 1785 iu
496 1732 585 1786 verbis
598 1750 711 1805 equoque
721 1733 784 1802 qtris
800 1743 838 1785 est
849 1731 917 1785 adeo
928 1732 1072 1804 imperitus
1083 1743 1113 1786 ut
1126 1734 1232 1803 ignoret
1245 1752 1355 1804 genera,

198 1834 226 1876 et
239 1822 398 1894 qttalitates,
421 1833 446 1875 et
466 1839 612 1894 personas,
633 1831 660 1873 ct
679 1827 859 1875 nunu·ros?...
888 1825 944 1875 lam
964 1820 1096 1892 quosdam
1119 1822 1164 1874 illa
1187 1823 1354 1892 turbabunt,

198 1929 260 1983 quac
283 1910 512 1964 declinationibus
533 1929 589 1964 non
609 1920 749 1963 tenentur.
769 1910 837 1962 Nam
857 1920 883 1962 et
903 1909 1028 1981 quadam
1049 1910 1203 1983 participia,
1223 1930 1257 1964 au
1280 1912 1354 1965 verbi

199 1999 395 2073 appellationes
413 2001 477 2068 siut,
494 1998 616 2053 dubitari
632 2008 732 2070 potest,
757 1999 821 2068 (pria
836 1997 913 2050 aliud
929 1997 983 2051 alio
998 1998 1060 2051 loco
1080 1997 1177 2067 valent,
1200 2010 1230 2053 ut
1252 1999 1352 2054 lecttun

199 2100 226 2142 ct
245 2089 354 2161 sapiens
358 2127 1354 2144 ..................................

235 2176 337 2250 [29.]...
348 2176 440 2244 Quid?
450 2175 525 2247 qttod
537 2175 623 2230 inulta
633 2177 713 2228 verba
727 2194 782 2227 riou
798 2186 886 2228 totum
902 2175 1094 2229 declinationis
1107 2176 1231 2230 ordinem
1245 2177 1356 2231 feritur?

200 2265 322 2337 ‹lttaedam
336 2266 417 2318 etiam
434 2275 585 2335 intuuntur,
599 2263 693 2334 utstro
703 2265 730 2316 in
741 2265 889 2335 praeterito,
902 2263 1026 2334 qitadam
1043 2265 1128 2319 tertiae
1143 2264 1252 2318 demum
1264 2285 1357 2338 perso·

200 2373 241 2407 ricc
255 2354 341 2424 ligura
356 2353 497 2421 dicuutur,
513 2364 542 2409 ut
553 2352 622 2420 licet,
637 2353 728 2426 piget5
745 2351 868 2424 quaedam
882 2351 970 2406 simile
981 2351 1111 2424 quiddam
1125 2355 1267 2426 patiuntur
1278 2374 1355 2408 voca·

201 2442 273 2496 bulis
294 2443 322 2496 in
339 2442 500 2496 adverbium
519 2444 734 2496 transeuntibus.
755 2443 833 2509 Natu,
852 2455 882 2494 ut
899 2450 979 2495 noctu
994 2453 1020 2495 et
1038 2442 1094 2509 diu,
1114 2442 1150 2496 ita
1169 2443 1252 2512 alictii,
1261 2445 1355 2512 faetta.

200 2533 270 2585 Stutt
286 2533 360 2584 euim
381 2531 437 2583 hece
451 2549 564 2603 qttoque
580 2530 660 2584 verba
673 2530 854 2603 participialia
871 2529 990 2601 quidem,
1010 2549 1063 2584 non
1080 2542 1169 2584 tarrieu
1184 2531 1273 2602 ‹rivalia
1288 2532 1359 2586 (licto

198 2623 345 2692 tortoque.

236 2708 281 2782 lv,
300 2707 335 2781 μ]
351 2710 412 2762 Jaui
427 2726 490 2761 cum
507 2709 598 2761 orriiiis
613 2710 702 2761 oratio
715 2719 769 2761 tres
781 2707 878 2761 babeat
894 2709 1016 2775 virtutes,
1032 2720 1062 2762 ut
1075 2709 1229 2780 ernendata,
1244 2722 1273 2762 ut
1289 2709 1359 2762 dilu-

199 2797 270 2866 cida,
286 2809 316 2850 ut
330 2807 426 2850 ornata
439 2797 472 2849 sit
489 2797 564 2869 (quia
574 2796 666 2849 dicere
678 2806 751 2869 apte,
765 2796 840 2868 qimd
855 2807 894 2848 cst
909 2797 1089 2869 praecipuum,
1109 2797 1235 2870 plerique
1247 2800 1356 2851 ornatui

201 2885 365 2957 subiciunt),
380 2885 494 2940 totidem
508 2886 582 2956 vitia,
596 2896 729 2956 quaesunt
741 2903 823 2956 supra
836 2884 916 2937 dietis
929 2886 1077 2949 coritraria,
1090 2886 1232 2940 eitiendata
1244 2886 1359 2959 loquen-

200 2973 227 3026 di
240 2974 344 3045 regula,
357 2992 419 3045 quac
433 2975 615 3044 gratiiinaticae
630 2975 707 3046 prior
722 2958 847 3045 pareest,
863 2975 1009 3027 cstituinet.

236 3061 285 3135 [al
300 3064 364 3115 Haec
382 3064 502 3133 exigitur
515 3081 547 3116 es
561 3063 650 3115 verbis
662 3074 709 3115 aut
729 3062 842 3132 singulis
855 3071 902 3115 aut
919 3061 1054 3133 pluribus.
1070 3061 1160 3115 Verba
1176 3079 1249 3114 nunc
1270 3081 1359 3132 geue·

201 3150 294 3204 raliter
312 3152 398 3223 accipi
414 3150 498 3203 volo:
520 3168 582 3204 natu
595 3150 716 3222 dupplex
735 3168 830 3204 eorum
847 3149 1000 3203 intellectus
1020 3159 1074 3209 est,-
1093 3149 1171 3215 salter,
1199 3152 1245 3220 qui
1262 3152 1354 3202 otriuia

201 3255 250 3310 per
264 3257 326 3311 ‹111oe
340 3257 429 3293 sermo
444 3241 574 3305 nectitur,
592 3239 737 3308 siguificat,
752 3249 782 3292 ut
796 3238 869 3310 apud
885 3239 1010 3291 Orationi
1031 3256 1038 3290 :

412 3363 550 3437 Verbaque
566 3362 674 3437 proriae
689 3364 736 3434 [m]
752 3381 804 3414 reru
822 3380 873 3415 ιιοιι
890 3362 974 3414 invita
987 3370 1144 3435 sequentum

200 3470 269 3524 alter
282 3489 309 3523 m
324 3488 381 3541 quo
395 3480 436 3524 est
452 3487 505 3523 titia
525 3488 589 3543 pars
608 3470 749 3537 orationis,
772 3479 802 3523 ut
822 3467 890 3539 lego,
909 3468 994 3523 scribo
1009 3487 1018 3521 .·
1034 3486 1116 3540 quain
1137 3468 1251 3521 vitantes
1265 3466 1358 3520 ambi-

199 3559 331 3629 guitatem
342 3558 454 3630 quidam
467 3559 557 3612 dicere
568 3559 726 3612 maluerunt
739 3577 827 3625 voces,
845 3557 1007 3628 locutiones,
1023 3557 1169 3613 dictiones.
1187 3556 1235 3630 [3.]
1247 3556 1358 3627 Singula

200 3657 264 3700 sttnt
284 3658 376 3701 nostra
398 3658 446 3701 aut
467 3648 621 3720 peregrina,
645 3658 693 3700 aut
706 3646 841 3719 simplicia
863 3657 912 3701 aut
936 3647 1098 3720 composita,
1118 3657 1166 3700 aut
1181 3647 1294 3719 propria
1311 3657 1357 3699 aut

200 3735 337 3808 translata,
350 3747 398 3790 aut
410 3738 508 3790 usitata
520 3747 568 3790 aut
584 3737 656 3790 licta.
672 3737 726 3789 Uni
742 3735 827 3789 verbo
843 3737 942 3789 vicium
959 3737 1057 3808 sapius
1071 3753 1154 3808 qaiarn
1170 3737 1256 3788 virtus
1272 3736 1355 3788 inest.

200 3827 276 3878 Licet
288 3825 362 3878 enim
381 3824 505 3878 dicamus
524 3824 631 3896 aliquid
651 3825 806 3897 proprium,
827 3825 990 3894 speciosum,
1010 3824 1137 3892 sublime,
1161 3821 1246 3875 nichil
1265 3832 1355 3875 tanseu

200 3913 310 3984 horurn,
322 3914 373 3966 nisi
388 3915 415 3965 in
429 3913 576 3986 complexu
590 3913 721 3986 loquendi
733 3914 858 3983 serieque
869 3913 1002 3981 contingit
1020 3930 1026 3964 :
1040 3910 1183 3965 laudamus
1192 3911 1266 3963 enirn
1279 3909 1360 3962 verba

200 4001 281 4056 rebus
294 4005 362 4056 bene
373 4002 587 4056 accommodata.
601 4001 649 4076 [stt]
660 4001 722 4054 Sola
734 4013 772 4055 cst
785 4019 846 4072 quac
861 4000 951 4053 notari
967 4001 1049 4071 possit
1061 3999 1134 4053 velut
1146 3997 1283 4068 vocalitas,
1294 4015 1355 4069 quac

199 4091 306 4159 cresonia
321 4091 424 4144 dicitur
440 4109 446 4144 :
462 4093 542 4144 cuius
559 4092 587 4144 in
607 4110 640 4143 eo
655 4089 779 4143 delectus
791 4100 841 4159 est,
860 4100 890 4142 ut
904 4087 1055 4158 interduo,
1073 4106 1134 4160 tium
1150 4086 1222 4140 idern
1253 4085 1358 4157 signiti-

200 4191 262 4232 caut
276 4198 307 4232 ac
318 4179 489 4235 tantumdem
501 4179 602 4245 valent,
617 4177 692 4250 quod
707 4178 804 4231 melius
816 4189 903 4247 sonet,
921 4176 1008 4231 tualis.
1023 4175 1072 4252 [5.]
1089 4179 1179 4230 Prima
1194 4174 1357 4228 barbarismi

200 4286 231 4321 ac
250 4267 395 4322 soloecismi
413 4268 510 4321 feditas
525 4267 606 4322 absit.
621 4267 673 4320 Sed
686 4268 751 4339 quia
765 4268 873 4320 interim
888 4276 1055 4321 excusantur
1068 4265 1124 4318 hoec
1137 4265 1206 4317 vicia
1223 4273 1271 4317 aut
1286 4281 1358 4315 con·

201 4357 357 4428 suetudine,
377 4367 425 4410 aut
439 4357 613 4428 auctoritate,
630 4370 678 4409 aut
703 4365 846 4426 vctttstate,
859 4365 906 4409 aut
922 4354 1041 4427 denique
1064 4354 1203 4408 vicinitate
1226 4353 1361 4406 virtutum

239 4485 265 4533 1.
280 4481 314 4532 Le
325 4482 370 4533 lb.
379 4485 408 4532 'ti
417 4485 446 4534 te
460 4480 618 4547 akgalemcnt
629 4479 690 4531 omis
699 4498 757 4550 per.
