3248 5340
468 535 572 591 mss.
597 536 777 592 ousion.
803 537 881 592 mu.
906 539 928 606 1,
950 544 992 592 ιο.
1253 545 1302 595 m

151 686 222 756 sint
248 711 268 755 a
293 690 406 756 Numa
436 710 519 780 rege
542 687 717 776 instituta,
754 688 889 759 faciunt
913 687 1139 759 manifestum
1167 714 1212 760 ne
1238 689 1305 761 illis

151 805 313 902 quidem,
333 806 397 902 qui
423 804 531 877 rudes
547 830 590 877 ac
604 805 763 878 bellicosi
782 806 962 893 videntur,
989 832 1114 878 curam
1140 810 1302 900 musices,

152 940 323 1022 quantam
345 924 403 995 illa
427 925 626 1021 recipiebat
645 942 739 1017 aetas,
769 925 933 998 doluisse.
964 928 1129 1024 Denique
1151 928 1186 998 in
1217 953 1304 1027 pro·
1333 942 1368 1001 21

152 1043 315 1115 rerbium
351 1069 464 1141 usque
494 1046 701 1117 Graecorum
739 1045 960 1117 celebratum
990 1063 1056 1136 est,
1082 1045 1247 1118 Imloctos
1283 1074 1306 1118 o

112 1191 125 1234 a
154 1166 266 1233 Musis·
287 1180 392 1261 utque
411 1190 435 1234 α
460 1168 594 1235 Gratiis
613 1165 744 1236 abesse.
767 1170 901 1238 Verum
925 1166 1012 1263 quid
1034 1191 1136 1237 exea
1160 1169 1306 1266 proprie
1334 1181 1373 1240 22

153 1298 253 1380 petat
269 1285 407 1355 futurus
426 1300 562 1374 orator,
582 1284 809 1356 disseramus.

204 1407 378 1475 Numeros
402 1405 534 1476 musice
557 1404 719 1504 duplices
745 1405 867 1494 babet,
896 1407 931 1476 in
960 1405 1096 1476 uocibus
1110 1421 1145 1478 et
1167 1408 1205 1478 in
1229 1433 1305 1479 cor·

153 1548 259 1621 pore;
286 1525 470 1621 utriusque
491 1526 587 1596 enim
609 1527 659 1596 rei
676 1540 782 1623 aptus
807 1524 956 1623 quidam
983 1524 1111 1597 modus
1127 1526 1307 1598 desidera·

155 1657 226 1714 tur.
257 1645 361 1715 Vocis
379 1646 557 1716 rationem
579 1646 807 1717 Aristoxenus
824 1646 978 1716 musicus
994 1644 1122 1717 dividit
1146 1647 1180 1716 in
1200 1651 1307 1743 ῥυθμὸν

101 1790 128 1832 ιο
157 1777 191 1833 et
209 1773 300 1860 μέλος
315 1769 475 1862 ἔμμετρον,
486 1790 641 1863 quorum
652 1764 804 1836 alterum
819 1764 1078 1857 modulatione,
1093 1765 1242 1838 alterum
1252 1792 1306 1837 ca·

161 1909 251 1955 nore
271 1909 313 1955 ac
333 1887 429 1956 sonis
449 1899 600 1957 constat.
624 1890 714 1956 Num
735 1887 842 1981 igitur
856 1910 929 1956 non
944 1886 1020 1957 baec
1035 1887 1156 1957 omnia
1173 1889 1306 1958 oratori

159 2006 375 2076 necessaria?
397 2030 552 2102 quorum
574 2030 687 2076 unum
711 2004 758 2075 ad
784 2020 935 2097 gestum,
957 2005 1110 2077 alterum
1131 2006 1177 2077 ad
1199 2005 1309 2078 collo·

156 2125 335 2195 cntionem
361 2123 568 2213 verborum,
592 2126 736 2197 tertium
760 2124 807 2195 ad
827 2126 938 2197 llexus
955 2127 1065 2215 vocis,
1086 2126 1149 2222 qui
1168 2140 1251 2197 sunt
1270 2128 1306 2196 in

156 2243 296 2337 agendo
311 2269 457 2342 quoque
472 2244 632 2342 plurimi,
648 2246 804 2343 pertinet
821 2272 828 2315 :
843 2246 908 2316 nisi
922 2244 1015 2316 sorte
1030 2246 1066 2316 in
1087 2245 1308 2317 carminibus
1336 2261 1374 2319 23

102 2392 128 2435 n
156 2378 294 2433 tantum
314 2365 402 2435 etin
423 2366 571 2436 canticis
595 2366 746 2460 exigitur
767 2380 944 2436 structura
968 2365 1132 2462 quaedam
1155 2381 1190 2437 et
1213 2366 1306 2436 inus-

157 2480 255 2553 sensa
285 2483 468 2581 copulatio
496 2509 641 2568 vocum,
673 2486 707 2556 in
724 2484 864 2579 agendo
886 2509 1105 2583 supervacua
1131 2500 1181 2556 est
1214 2502 1309 2557 :aut

157 2627 230 2674 uon
248 2605 464 2701 compositio
479 2620 515 2676 et
533 2630 641 2676 sonus
664 2606 701 2676 in
714 2607 876 2677 oratione
890 2630 1037 2703 quoque
1050 2607 1149 2677 varie
1169 2630 1236 2703 pro
1251 2631 1308 2676 re·

157 2748 235 2793 rum
251 2723 362 2795 modo
380 2724 588 2816 adhibetur,
602 2727 692 2797 sicut
708 2727 744 2796 in
756 2727 903 2797 musice.
924 2730 1087 2822 Namque
1108 2741 1143 2797 et
1165 2751 1252 2797 soce
1273 2740 1308 2796 et
1336 2743 1375 2799 24

195 2940 217 2975 1.
234 2941 249 2975 a
268 2940 329 2991 rege
344 2924 433 2975 Numa
448 2940 455 2975 :
476 2925 505 2975 P.
522 2953 557 2964 -
573 2925 600 2977 3.
615 2932 744 2994 quantam
761 2942 769 2977 ε
789 2925 810 2976 B
825 2924 862 2991 ,Ἲς
881 2932 1016 2991 quantum
1032 2927 1072 2977 :A
1094 2924 1119 2975 T
1137 2923 1236 2976 FCM
1251 2925 1269 2978 S
1291 2924 1308 2977 b

159 3009 234 3063 Goth
249 3009 342 3077 onds,
353 3009 472 3078 Mediol,
492 3011 569 3082 Obr.3
586 3022 688 3081 quanta
705 3029 712 3064 ι
728 3014 757 3065 P.
775 3040 811 3051 —
827 3013 853 3065 5.
869 3011 980 3063 musicis
999 3028 1006 3062 ι
1022 3012 1084 3064 Prat
1098 3013 1120 3063 C
1136 3011 1208 3078 Vall,
1227 3018 1306 3081 7725,

158 3115 238 3165 7727.
250 3125 286 3136 -
301 3096 419 3149 Groecis:
436 3097 492 3149 BN
507 3098 570 3150 Prat
581 3096 632 3150 Tc
648 3097 675 3149 lll
691 3097 717 3158 S,
740 3104 820 3166 7724,
840 3097 920 3167 7725,
932 3116 1011 3168 7727,
1028 3096 1102 3169 quod
1115 3113 1166 3148 nou
1181 3096 1308 3150 absortum

156 3183 266 3236 uidetur
278 3183 451 3255 Spaldingio,
466 3185 515 3238 sed
525 3184 663 3259 vituperat
681 3189 798 3259 Zumpt3
821 3185 945 3239 Gratiis:
968 3187 990 3238 Α
1013 3186 1044 3254 b3
1061 3184 1142 3255 graiis
1160 3203 1167 3238 :
1185 3184 1258 3238 Vall.
1273 3216 1309 3226 -

162 3289 203 3326 ιο.
221 3271 294 3343 μέλος
309 3271 431 3344 ἔμμετρον
447 3291 454 3325 :
470 3275 504 3344 Z3
523 3273 597 3344 μέλος
611 3275 699 3344 μέτρον
718 3291 725 3328 :
752 3275 773 3326 Β
787 3275 825 3345 N3
842 3273 927 3326 melos
944 3282 971 3326 et
986 3284 1093 3326 metron
1110 3291 1117 3325 ι
1139 3273 1223 3339 Prat„
1239 3274 1312 3344 qemi!

160 3370 257 3434 postea
272 3363 340 3433 conj.
357 3362 469 3433 Regiam
487 3363 571 3415 melos
587 3365 631 3416 :A
650 3363 668 3416 S
685 3362 717 3434 b3
732 3362 822 3434 μέλοςε
847 3366 944 3431 Bonm,
965 3361 1306 3416 Ilabn.-13.ssexrun:

157 3451 230 3503 Prat.
242 3479 277 3490 —
290 3453 332 3506 ro.
345 3468 513 3523 supervacua
526 3468 532 3504 τ
543 3452 597 3504 BN
613 3453 675 3505 l‘rat
687 3451 718 3521 C,
735 3454 802 3523 7725
806 3493 814 3519 ,
827 3472 907 3523 7727,
923 3462 947 3504 et
961 3454 996 3523 Z5
1011 3469 1209 3523 supervacuum
1227 3470 1233 3505 :
1250 3452 1309 3505 AT

161 3540 181 3590 F
188 3537 275 3590 ittms
289 3537 315 3607 b,
334 3541 439 3609 comp„
453 3537 573 3609 Mediol,
588 3542 682 3606 Boum,
698 3543 809 3613 Zumpt.

194 3719 233 3765 10.
243 3715 503 3782 Μέὶοςέμμετρον.-
511 3716 715 3780 Schneider,dans
756 3719 821 3782 ᾠδῆς
836 3718 1012 3783 ἀπεργάζηται.
1025 3719 1087 3783 ssepi
1100 3718 1143 3780 μὲν
1159 3720 1205 3783 γὰρ
1231 3721 1308 3782 μελῳ-

160 3807 195 3840 ses
211 3806 353 3856 remarques
371 3808 412 3840 sur
421 3791 530 3842 l'ddition
544 3793 574 3842 de
589 3792 711 3859 Spalding,
754 3794 807 3843 δίαν
823 3794 929 3852 ἁπλῶςὴ
940 3794 1075 3856 rocosum
1084 3793 1151 3858 Ιπερὶ
1164 3794 1190 3842 δὲ
1201 3794 1307 3858 ῥυθμὸν,

158 3877 255 3933 accepte
270 3867 292 3915 la
305 3868 453 3932 conjecture
464 3869 494 3918 de
509 3867 596 3934 Regius
605 3869 646 3934 qui
660 3870 713 3935 ‹ttjr
754 3872 769 3925 ἡ
783 3869 877 3929 ταύτης
893 3869 998 3927 κίνησις·
1012 3867 1070 3933 περὶ
1082 3868 1108 3916 δὲ
1128 3869 1172 3927 τὴν
1185 3869 1259 3929 λέξιν,
1277 3869 1307 3917 τὸ

157 3941 216 3992 itait
233 3943 293 3992 dans
315 3941 338 3991 le
357 3942 402 3992 ils.
421 3935 551 3994 d’Etienne
573 3945 603 3994 de
625 3943 711 3995 liouen
754 3946 856 4010 μέτρον,
871 3975 903 3984 -
916 3943 962 3994 Les
970 3944 1071 3993 enciens
1088 3959 1119 3991 nc
1130 3942 1250 3992 semblent
1264 3959 1307 4009 pas

158 4017 222 4081 (eod.
244 4020 328 4082 Prae.)
348 4028 372 4069 et
395 4021 516 4086 remplace
534 4038 564 4069 ac
584 4022 650 4069 souis
668 4037 712 4087 par
752 4021 821 4070 emir
830 4020 889 4071 isole
902 4020 926 4070 le
943 4019 1052 4084 musique
1062 4019 1093 4069 de
1111 4019 1133 4069 la
1146 4018 1239 4084 puisie.

160 4095 257 4142 tertium
269 4096 536 4162 ποιοῖο-(1227222252
549 4112 580 4146 ue
592 4110 617 4145 se
626 4105 712 4147 trouve
788 4100 828 4146 ll·
836 4095 983 4165 Compositio
993 4105 1017 4144 et
1030 4111 1104 4145 soum
1116 4094 1222 4144 -C'est
1235 4096 1305 4144 ltort

163 4184 204 4233 pas
215 4171 275 4219 dens
291 4187 319 4221 ce
340 4171 383 4235 qui
399 4187 462 4221 nous
475 4181 540 4222 reste
560 4172 603 4221 des
618 4187 712 4222 oeumcs
750 4187 797 4237 que
811 4171 926 4238 Spalding
941 4170 1018 4222 hisite
1035 4172 1049 4221 is
1069 4171 1190 4221 admettre
1213 4170 1236 4220 le
1253 4177 1305 4219 mot

161 4244 421 4299 d'Aristoxenerdrns
433 4248 455 4297 le
474 4247 545 4298 truite
563 4247 639 4298 surb
657 4264 710 4297 mu·
750 4247 889 4316 compositio
908 4246 1042 4314 approche
1063 4246 1094 4296 dc
1119 4243 1256 4313 repulerim
1276 4260 1305 4294 ce

158 4318 228 4384 sique
252 4321 384 4370 d’Aristide
406 4321 549 4386 Quintilien,
571 4323 614 4372 lis.
640 4322 660 4384 l,
677 4339 709 4372 ou
749 4322 849 4372 dernier
865 4321 1200 4388 estrelatililapoesiebu
1225 4320 1305 4368 cauti-

158 4394 271 4460 timxpn
296 4397 337 4445 ml
360 4399 480 4461 μοῳὸίας
505 4399 650 4465 bromiades
666 4400 709 4448 nol
749 4397 810 4459 cis);
824 4399 846 4447 le
868 4397 976 4466 premier
1001 4412 1121 4447 concerno
1146 4396 1180 4446 les
1196 4396 1303 4447 discours

158 4471 251 4537 ῥυθμὸν
265 4471 396 4530 καὶ’λίξιν,
406 4471 511 4532 ὄπωςᾶν
520 4477 548 4525 τὸ
558 4476 655 4532 retem
665 4477 709 4534 τῆς
749 4478 930 4543 (irroratione).
