3248 5340
285 501 349 542 cun
749 487 948 544 APPEN'DIX.

323 639 409 706 [4.]...
430 637 538 691 Nullam
555 641 654 708 ingenii
677 651 815 711 sperantes
834 640 958 708 gratiam,
977 638 1048 690 circa
1069 654 1111 690 res
1131 638 1234 690 etiamsi
1259 635 1434 706 necessarias,
1470 651 1605 690 tammum

284 727 382 800 procul
398 729 532 780 tamenab
546 729 729 781 ostentatione
746 730 846 800 positas
862 746 868 781 :
885 739 915 781 ut
930 745 1044 797 operum
1059 725 1163 795 fastigia
1173 734 1343 798 spectantur,
1353 725 1440 778 latent
1471 702 1605 805 Ἢ

285 815 472 868 fundamenta.
492 817 540 887 [5.]
557 819 614 887 Ego
628 835 692 871 cum
708 816 774 870 nihil
790 817 942 871 existimem
955 818 1006 869 arti
1022 817 1148 869 oratorioe
1160 814 1291 886 alienum,
1308 815 1366 867 sine
1380 832 1438 886 quo
1476 814 1600 894 mm¹⁸

284 915 421 958 oratorem
435 914 492 957 nort
503 924 582 978 posse
596 906 654 959 lieri
666 905 807 960 latendum
822 917 862 959 est
878 925 885 959 :
903 925 952 958 nec
963 905 997 957 ad
1009 904 1091 958 ullius
1101 906 1139 957 rei
1155 921 1289 957 summam
1303 905 1355 956 uisi
1371 920 1438 976 prae-
1484 930 1544 965 mm
1552 939 1590 965 son

285 993 445 1046 cedentibus
461 995 546 1047 initiis
566 996 712 1067 perveniri,
730 995 765 1049 ad
786 997 891 1048 minora
918 994 965 1048 illa
983 993 1030 1046 sed
1044 1009 1116 1066 quae,
1136 995 1156 1046 si
1181 992 1310 1064 negligas,
1330 995 1433 1046 nonsit
1482 976 1592 1017 ’Μ

285 1081 436 1153 majoribus
451 1081 527 1136 locus
541 1082 684 1136 demittere
698 1102 742 1137 nro
756 1103 811 1137 non
828 1084 989 1138 recusabo...

319 1171 370 1242 [9.]
384 1172 531 1224 Oratorem
552 1186 642 1226 antem
656 1173 826 1226 instituimus
841 1173 919 1226 illum
934 1170 1097 1245 perfectum,
1118 1170 1168 1244 qui
1179 1189 1247 1242 esse,
1261 1172 1311 1224 nisi
1327 1172 1368 1224 vir
1382 1173 1435 1224 bo·
1457 1189 1618 1226 umentem«

285 1278 348 1330 nus,
364 1277 419 1312 uon
435 1272 534 1333 potest.
551 1261 671 1332 Ideoque
685 1280 741 1314 non
753 1261 862 1314 dicendi
879 1260 961 1313 modo
976 1261 1104 1313 eximiam
1119 1261 1147 1313 in
1160 1278 1193 1312 eo
1207 1259 1373 1329 facultatem,
1390 1260 1437 1313 sed
1463 1234 1612 1271 mmm

285 1366 379 1402 omnes
390 1350 473 1401 animi
489 1350 603 1403 virtutes
613 1351 754 1421 exigimus.
771 1349 837 1424 [ro]
853 1352 947 1422 Neque
961 1350 1035 1403 enim
1050 1349 1102 1403 hoc
1112 1351 1290 1402 concesserim
1304 1350 1437 1402 rationem

284 1446 365 1490 rectae
380 1436 555 1510 honestoque
569 1440 629 1492 vitre
641 1444 683 1505 (ut
695 1438 807 1511 quidam
821 1444 994 1511 putaverunt)
1009 1438 1042 1492 ad
1058 1437 1237 1511 philosophos
1252 1437 1435 1509 relegandam,
1497 1477 1584 1511 om„

285 1544 349 1580 cum
372 1528 413 1579 vir
428 1526 473 1579 ille
491 1524 552 1581 ¹vere
568 1528 654 1581 civilis
674 1538 700 1580 et
725 1528 898 1601 publicarum
918 1529 1140 1600 privatarumque
1153 1544 1245 1581 rerum
1260 1526 1436 1580 administra·
1495 1522 1585 1556 *Μ’*

287 1616 355 1669 tioni
370 1616 603 1683 accommodatus,
620 1618 667 1689 qui
684 1636 775 1687 regere
788 1617 908 1671 consiliis
923 1614 1014 1688 urbes,
1028 1615 1144 1669 fundare
1160 1615 1274 1687 legibus,
1291 1615 1437 1669 emendare

282 1704 394 1775 judiciis
407 1707 501 1778 possit,
514 1725 568 1759 nou
584 1706 654 1760 alius
668 1709 700 1760 sit
717 1706 840 1778 profecto
853 1715 1070 1778 quamoratur...
1088 1706 1191 1776 [13.]...
1209 1707 1328 1758 Fuerttnt
1344 1705 1435 1761 liter...

285 1794 505 1867 quemadmodum
520 1797 618 1867 juncta
632 1805 733 1849 notura
747 1797 786 1849 sic
801 1796 887 1867 officio
899 1814 1003 1868 qnoque
1021 1794 1163 1869 copulata,
1179 1803 1210 1848 ut
1233 1793 1311 1847 iidem
1325 1795 1436 1868 sapien-

287 1894 324 1937 tes
348 1893 430 1958 atque
448 1883 596 1956 eloquentes
615 1885 781 1939 laberentur.
806 1885 894 1937 Scidit
916 1884 1008 1938 deiude
1031 1903 1057 1936 se
1079 1884 1213 1949 studium,
1236 1891 1317 1957 atqtte
1340 1883 1437 1937 inertia

278 1974 389 2042 suctum
408 1981 446 2025 cst
463 1982 494 2025 nt
511 1982 582 2026 artes
595 1992 649 2026 esse
666 1973 755 2047 pines
780 1974 936 2028 automno
958 1974 1062 2044 [¹l·]···
1085 1975 1128 2026 Ea
1147 1990 1209 2026 nem
1226 1974 1302 2039 (cura
1324 1972 1436 2042 morunt)

143 2087 194 2139 ap,
211 2095 234 2139 6,
286 2062 415 2114 destitnto
439 2061 622 2132 infirmioribus
641 2063 756 2134 ingeniis
772 2062 847 2117 aelut
861 2062 963 2136 praedae
971 2062 1115 2131 snit...,·ll¹
1135 2061 1223 2114 sacere
1239 2063 1313 2114 enim
1332 2063 1437 2134 optima

285 2168 368 2221 quam
388 2151 548 2222 promittere
563 2151 729 2205 maluerunt.
753 2152 820 2223 [aa]
842 2158 881 2205 Ac
903 2163 1022 2204 veterum
1042 2150 1153 2223 quidem
1173 2151 1312 2223 sapientise
1328 2149 1436 2222 proses-

285 2257 378 2291 sorum
392 2237 494 2291 multos
510 2250 537 2291 et
551 2237 663 2293 honesta
675 2242 833 2313 precepisse
843 2251 879 2309 et,
896 2251 925 2293 ut
941 2251 1138 2313 praeceperunt,
1153 2240 1234 2292 ctiam
1245 2240 1342 2293 vixisse
1357 2239 1437 2292 facile

285 2328 463 2379 concesserint
483 2329 607 2381 :nostris
627 2348 690 2382 vero
707 2329 878 2401 temporibus
893 2326 944 2381 sub
963 2329 1016 2381 boc
1033 2331 1145 2382 nomine
1164 2329 1279 2382 maxima
1295 2331 1323 2381 io
1338 2328 1438 2402 pleris-

285 2433 339 2488 que
356 2416 420 2468 vitia
441 2416 589 2470 latuerunt.
607 2419 668 2470 Non
682 2420 754 2471 euim
768 2421 870 2472 virtute
884 2436 915 2471 ac
936 2417 1035 2471 studiis
1050 2429 1080 2471 ut
1099 2417 1266 2471 haberentur
1278 2416 1436 2490 philosophi
1480 2453 1503 2488 Ι,
1518 2455 1597 2497 md,

286 2504 457 2573 laborabant,
481 2505 528 2558 scd
546 2506 651 2560 vultum
671 2518 699 2560 et
723 2507 863 2561 tristitiam
888 2518 916 2560 et
941 2506 1144 2560 dissentientem
1164 2525 1179 2560 a
1196 2508 1293 2561 ceteris
1312 2507 1437 2561 habitum
1475 2499 1601 2542 llum*

286 2596 409 2666 pessimis
429 2594 554 2647 moribus
568 2593 783 2668 praetendebant.

322 2685 389 2755 [ao]
403 2685 452 2736 Est
464 2697 538 2737 certe
552 2685 655 2756 aliquid
677 2696 866 2739 consummata
879 2685 1048 2758 eloquentia,
1069 2704 1158 2757 neque
1172 2685 1205 2738 ad
1222 2704 1281 2739 eam
1296 2688 1440 2759 pervenire
1479 2705 1598 2749 usqemun

287 2783 384 2826 natura
398 2772 511 2826 humaui
526 2774 627 2843 ingenii
640 2773 767 2846 prohibet
782 2793 788 2828 ε
803 2775 877 2846 quod
891 2776 913 2828 si
927 2793 983 2828 uon
996 2776 1146 2846 contingat,
1158 2774 1241 2828 altius
1256 2787 1346 2829 tamen
1358 2777 1438 2829 ibunt
1457 2750 1617 2831 ‘im‘

287 2862 334 2932 qui
346 2860 381 2912 ad
396 2878 502 2913 summa
519 2863 651 2931 nitentur,
669 2880 750 2933 quam
766 2865 848 2934 qui...
862 2863 989 2934 protinus
1003 2864 1075 2915 circa
1089 2864 1141 2916 ima
1153 2862 1335 2917 substiterint.
1465 2858 1606 2945 ,m

323 2951 389 3021 [24]
405 2951 472 3002 Nam
485 2950 648 3022 plerumque
658 2951 738 3006 nudae
752 2951 803 3004 illie
817 2962 898 3022 artes,
910 2952 994 3004 nimia
1005 2951 1163 3005 subtilitatis
1173 2951 1358 3023 assectatione,
1367 2953 1440 3007 sran—
1477 2980 1538 3015 xus.
1552 2986 1602 3015 ,Μ

286 3049 355 3109 gunt
369 3048 450 3110 atque
465 3039 616 3094 concidunt
629 3040 765 3112 quidquid
781 3052 821 3094 cst
841 3043 867 3093 in
884 3042 1008 3093 oratione
1022 3043 1190 3112 generosius,
1208 3053 1235 3095 et
1250 3060 1359 3095 omnem
1374 3059 1441 3093 suc-
1458 3026 1609 3104 Ἥζᾚ

286 3146 349 3182 cum
365 3129 465 3198 ingenii
483 3128 591 3199 bibunt,
618 3141 646 3183 et
660 3148 719 3183 ossa
739 3131 870 3201 detegunt
887 3148 893 3183 ι
912 3149 974 3202 quae
988 3144 1018 3183 ut
1038 3150 1095 3184 esse
1109 3145 1136 3185 et
1150 3133 1262 3204 astringi
1278 3133 1367 3186 nervis
1382 3134 1440 3186 suis

286 3216 397 3285 debent,
411 3220 449 3271 sic
464 3236 579 3290 corpore
595 3219 742 3292 operienda
758 3230 831 3272 suot.
1431 3270 1434 3275 .

323 3307 389 3377 [ab]
407 3306 478 3359 illud
499 3317 588 3359 tamon
617 3309 752 3379 imprimis
770 3308 927 3361 testandum
946 3320 996 3380 est,
1021 3309 1089 3361 nihil
1109 3321 1244 3383 praecepta
1265 3321 1348 3383 atque
1367 3323 1440 3367 artes
1498 3337 1577 3415 Ἢ,

1490 3391 1516 3415 Μ
1553 3392 1585 3415 lm

287 3394 383 3463 valere,
402 3395 453 3446 nisi
468 3394 612 3464 adjuvante
627 3407 734 3450 natura.
750 3398 927 3469 Quapropter
940 3399 964 3450 ei
980 3399 1023 3450 cui
1037 3398 1124 3451 deerit
1145 3400 1286 3470 ingenium
1307 3419 1362 3454 uon
1379 3420 1439 3455 ma·
1472 3429 1603 3461 namna

287 3483 327 3550 gis
342 3480 399 3533 bare
413 3482 512 3553 scripta
525 3494 589 3535 sunt
604 3502 685 3556 quam
699 3484 732 3536 de
746 3503 873 3554 agrorum
889 3486 966 3540 cultu
978 3487 1119 3541 sterilibus
1131 3490 1221 3544 terris.

733 3718 773 3769 lit
793 3717 879 3769 bruno
899 3735 994 3771 rurno.

751 3888 789 3938 Ex
808 3886 911 3940 Carnus
930 3889 966 3942 1⁰.

327 4047 376 4118 [1.]
388 4049 473 4117 igitur·
486 4059 550 4100 nato
563 4047 628 4119 filio,
643 4062 720 4120 pater
732 4068 806 4122 spem
819 4050 852 4104 de
865 4051 912 4104 illo
922 4054 1041 4124 primum
1051 4072 1132 4127 quarn
1144 4059 1275 4129 optimam
1284 4058 1419 4133 accipiat²
1432 4079 1439 4114 :
1458 4072 1504 4114 Sis·
1517 4073 1620 4115 spamae

288 4138 323 4189 ita
336 4136 494 4206 diligentior
511 4155 525 4188 a
540 4139 683 4210 principiis
698 4137 778 4194 liet...
1485 4117 1595 4204 apa-affin·

322 4358 344 4406 1.
364 4354 399 4405 Ce
422 4371 549 4422 passagea
572 4355 610 4406 iti
629 4355 673 4406 mis
694 4373 725 4406 eu
755 4373 835 4424 marge
926 4361 1179 4415 abathanus
1206 4364 1311 4417 editione
1327 4365 1439 4418 donnent

286 4440 311 4481 et
329 4430 439 4497 souligoi
453 4448 497 4498 par
514 4432 615 4484 liaciue.
885 4438 976 4506 capiat.
