3248 5340
462 525 568 581 lNST.
594 525 778 582 ORATOR.
803 526 883 581 LlB.
910 525 937 592 1,
966 531 1013 581 10.
1267 527 1317 579 139

162 676 311 747 terrenti
347 677 537 774 optimates
561 675 616 747 vel
641 677 715 772 jam
745 677 885 748 timenti
911 675 989 747 luit.
1030 674 1131 747 Libet
1163 689 1312 774 propter

162 795 339 892 quosdam
364 796 603 895 imperitiores
631 798 739 868 etiam
758 803 943 882 crassiore,
971 810 1012 867 ut
1031 810 1177 885 vocant,
1208 800 1312 866 illum

163 914 426 987 dubitationem
445 916 552 1012 hujus
574 915 734 989 utilitatis
760 919 927 988 eximere.
958 921 1046 987 Nam
1067 931 1190 1015 poetas
1217 931 1314 987 certe
1346 923 1385 981 29

164 1034 334 1131 legendos
356 1036 490 1108 oratori
506 1037 628 1108 lutum
639 1038 881 1109 concesserint
898 1064 906 1107 ι
933 1062 1021 1107 uum
1034 1035 1141 1132 igitur
1159 1034 1225 1107 hos
1241 1036 1317 1107 sine

106 1184 120 1226 s
164 1157 388 1228 rnusiceihc
411 1157 439 1228 si
466 1158 547 1253 quis
581 1170 652 1227 tam
672 1181 785 1228 caecus
803 1158 914 1228 animi
938 1171 1003 1248 est,
1024 1171 1064 1227 ut
1089 1156 1135 1227 de
1162 1154 1319 1227 aliisdu-

164 1276 266 1366 bitet,
291 1274 371 1347 illos
399 1292 509 1364 certe,
531 1277 594 1373 qui
622 1278 781 1349 carmina
804 1276 849 1347 ad
872 1276 1311 1374 lyrarncomposuerunt.

165 1401 249 1466 llaec
271 1395 405 1467 diutins
424 1395 723 1487 foreutdicenda,
747 1397 776 1467 si
794 1396 866 1468 hoc
883 1395 1042 1468 studium
1064 1395 1162 1467 velut
1183 1421 1318 1467 novum

164 1516 408 1613 praeciperem.
433 1520 523 1587 Cum
540 1540 625 1587 vero
642 1517 839 1613 antiquitus
861 1541 1007 1614 usquea
1031 1515 1186 1587 Chirone
1206 1530 1315 1613 atque
1347 1522 1388 1581 30

168 1634 302 1707 Achille
326 1636 374 1708 ad
393 1651 515 1708 nostra
531 1650 694 1735 tempora
717 1636 814 1735 apud
837 1660 963 1708 omnes
986 1637 1048 1734 qui
1068 1636 1179 1708 modo
1202 1635 1316 1731 legiti-

110 1780 138 1824 ιο
167 1780 261 1826 mam
291 1755 516 1855 disciplinam
549 1782 625 1828 non
661 1758 733 1828 sint
767 1758 895 1852 perosi,
928 1756 1122 1846 duraverit,
1158 1782 1232 1828 non
1262 1772 1316 1828 est

166 1876 481 1965 committendum,
509 1891 548 1947 ut
567 1874 625 1948 illa
646 1876 757 1948 dubia
775 1876 903 1948 faciam
917 1876 1134 1948 defensionis
1148 1877 1316 1948 sollicitu-

166 1994 263 2066 dine.
281 1996 451 2083 Quamvis
465 2010 586 2067 autem
600 1997 684 2068 satis
694 1995 769 2092 jam
785 2021 826 2068 ex
844 1998 941 2095 ipsis,
960 1996 1092 2094 quihus
1111 2022 1190 2067 sum
1209 1995 1321 2068 modo
1349 2003 1383 2061 31

168 2139 263 2202 usus,
295 2115 468 2214 exemplis
501 2116 646 2188 credam
675 2141 752 2188 esse
789 2117 1029 2207 manifestum,
1063 2142 1142 2214 quae
1170 2117 1257 2188 mihi
1282 2132 1318 2188 et

167 2249 345 2331 quatenus
370 2235 505 2306 musice
529 2235 668 2332 placeat
696 2264 704 2307 z
737 2237 895 2334 apertius
922 2251 1041 2308 tamen
1072 2236 1318 2333 profitendum

126 2384 140 2427 s
169 2367 271 2452 putu,
296 2378 368 2425 non
391 2353 487 2425 hanc
507 2379 526 2425 a
546 2380 602 2425 me
621 2357 781 2455 prmcipi,
800 2382 879 2455 quae
900 2381 998 2428 nunc
1023 2357 1216 2447 insomnis,
1238 2357 1321 2429 elle·

169 2473 303 2544 minata
326 2489 362 2545 et
386 2475 577 2572 impudicis
596 2475 711 2546 modis
736 2476 846 2548 fructa
865 2502 940 2573 non
962 2502 1003 2548 ex
1026 2491 1128 2575 parte
1156 2477 1318 2568 minima,

168 2594 195 2665 si
218 2593 305 2690 quid
322 2594 358 2665 in
384 2593 488 2666 nohis
510 2595 621 2667 virilis
645 2596 787 2668 roboris
804 2597 989 2689 innuebat,
1006 2597 1149 2687 excidit,
1166 2597 1229 2669 sed
1249 2623 1320 2696 qua

208 2852 231 2890 1.
241 2832 293 2887 fuit
305 2852 312 2886 ε
329 2835 395 2904 ΕΖ;
408 2832 514 2905 profuit
527 2836 566 2887 :A
577 2835 631 2887 'l'F
644 2836 673 2888 Μ
684 2835 702 2888 S
716 2834 812 2889 hBodl
825 2836 897 2906 Alm,
909 2857 988 2908 77²7›
1002 2840 1109 2910 camp„
1119 2837 1202 2907 utut,
1218 2838 1321 2907 Amin,

172 2924 255 2977 Borru.
269 2952 305 2962 —
318 2929 345 2986 4.
359 2939 425 2975 num
441 2924 495 2990 :Z3
509 2939 564 2974 nou
580 2939 586 2975 :
598 2925 625 2976 Ρ.
640 2921 733 2975 -hos
745 2924 803 2976 sinc
818 2941 824 2976 :
838 2926 948 2996 conjeet.
961 2924 1072 2997 ὅμως
1086 2925 1188 2978 hiscine
1204 2943 1211 2978 :
1227 2925 1320 2994 Guelf,

171 3029 254 3079 77273
271 3011 299 3062 hi
316 3011 375 3062 sinc
395 3012 446 3061 :Z.
465 3039 497 3049 -
514 3011 540 3062 5.
557 3013 594 3062 Ac
609 3010 631 3060 si
646 3012 708 3081 quis
727 3028 733 3064 :
754 3013 814 3065 AT
831 3012 862 3082 F,
879 3032 958 3083 7727,
973 3010 1093 3082 Medici,
1110 3011 1222 3086 Spald,
1241 3013 1318 3079 Οὐκ,

171 3100 265 3165 Bonan,
279 3096 385 3167 Halon,
401 3101 436 3152 At
452 3098 549 3169 siquis
568 3115 576 3150 ι
591 3100 622 3153 Ζ.
638 3128 672 3139 -
687 3100 808 3172 &usquc
824 3118 840 3152 a
862 3098 982 3154 Chirone
993 3112 1076 3174 atque
1090 3101 1195 3154 Achille
1207 3101 1241 3154 ad
1257 3120 1264 3157 ε
1280 3105 1314 3170 Ζ;

171 3203 258 3260 usquc
274 3204 289 3239 a
303 3187 419 3257 Chatq.
438 3184 505 3239 Ach.
522 3203 610 3257 usque
626 3185 660 3239 ad
679 3189 724 3240 :T
742 3189 789 3258 ng,
808 3190 914 3263 Camp,
931 3187 1011 3260 Aut,
1031 3208 1047 3242 a
1065 3189 1117 3242 Ch.
1144 3199 1227 3262 atquc
1247 3189 1313 3242 Ach.

172 3274 327 3348 usquead:
344 3277 416 3345 Prat,
431 3275 620 3344 Regiru,‘0br.
634 3305 670 3316 -
687 3295 728 3332 rr.
748 3295 781 3329 ex
804 3277 869 3351 ipsis
885 3296 892 3330 :
909 3280 932 3331 E
946 3281 968 3331 A
982 3289 1009 3331 et
1023 3281 1058 3345 Z3
1073 3296 1106 3332 ex
1122 3276 1164 3331 his
1180 3286 1232 3330 να·
1251 3277 1322 3332 clos-

169 3367 216 3437 sis,
232 3373 329 3440 prater
339 3367 365 3417 A
371 3383 378 3435 3
390 3382 424 3417 ex
445 3365 477 3416 iis
497 3382 504 3417 r
524 3363 586 3418 otr.
604 3395 640 3406 -
661 3368 702 3422 15.
716 3366 797 3420 cunis
816 3384 822 3419 :
841 3370 877 3436 A,
892 3366 999 3421 schenis
1017 3385 1024 3421 ε
1044 3368 1086 3439 N,
1102 3369 1197 3421 sconis
1217 3386 1224 3421 :
1244 3371 1276 3423 Ζ.

169 3555 248 3605 clines
257 3570 320 3622 pour
329 3550 483 3602 ministrabat
491 3569 539 3619 que
548 3553 598 3602 l’ou
610 3561 727 3603 retrouse
766 3555 824 3613 pou
846 3547 985 3599 lacilcmeut
1000 3548 1184 3599 cous-eutcudrc
1204 3546 1317 3616 legendit

172 3632 233 3680 daris
249 3629 395 3680 Auln·Gcllc
411 3627 441 3694 (l,
464 3632 503 3690 11,
520 3631 559 3694 10)
574 3645 581 3680 :
598 3650 611 3674 a
629 3629 725 3680 tibiae...
767 3630 830 3672 reste
844 3639 933 3673 encore
950 3625 964 3674 i
980 3625 1107 3690 expliquer
1121 3622 1180 3673 illos
1192 3635 1259 3674 certe
1271 3624 1322 3694 qui,

171 3723 244 3773 quam
266 3706 295 3756 C.
310 3703 431 3766 Graccho,
454 3720 510 3753 cum
535 3706 625 3772 populo
645 3704 726 3771 agenti
766 3697 1321 3767 etc.Burmauupropoted'ajoutersatcbitur

173 3783 269 3850 punisse
289 3799 318 3832 ac
344 3779 541 3846 praeministrare
557 3780 670 3831 modulos
693 3779 728 3830 se-
766 3789 799 3824 ou
810 3773 899 3824 credet.
913 3774 1005 3826 Gesner
1016 3784 1041 3825 et
1061 3774 1171 3825 l'idition
1190 3775 1220 3824 de
1243 3774 1323 3824 lieux·

173 3869 240 3913 runt.
257 3881 269 3906 ι
286 3856 426 3910 seulement
440 3856 457 3904 il
475 3856 574 3907 esthon
590 3857 726 3906 der-emar·
767 3849 845 3901 Poott
863 3859 906 3900 ont
922 3850 1003 3915 aiente
1021 3851 1176 3900 concesserit.
1192 3876 1224 3888 —
1243 3849 1276 3900 lci
1291 3849 1326 3899 les

173 3950 289 4003 querque
301 3934 335 3983 les
348 3932 405 3982 llss.
418 3931 590 3983 ‹lautu-Gelu
605 3930 727 3983 uiirentla
767 3924 825 3976 tiss.
845 3942 877 3976 ne
901 3940 962 3975 nous
983 3926 1101 3976 vienneut
1130 3926 1265 3975 uullement
1288 3941 1319 3974 cn

173 4013 252 4062 meme
269 4011 378 4062 variante
393 4007 614 4076 :preministrcsrc
625 4018 649 4058 et
664 4025 727 4078 prae-
767 4000 832 4053 aide.

174 4098 335 4138 monstrasse.
805 4080 843 4128 15.
858 4083 889 4127 In
905 4077 1000 4128 scacis.
1015 4105 1050 4117 -
1064 4099 1077 4125 c
1099 4078 1209 4144 horaque
1224 4079 1246 4127 le
1266 4085 1317 4127 mot

208 4164 232 4212 l.
243 4165 354 4213 Hossiue
367 4163 488 4215 murice...
499 4159 557 4212 illos
571 4170 643 4210 certe.
655 4160 728 4212 -ha
768 4155 848 4215 σκηνή
858 4172 872 4206 a
883 4154 922 4207 διὸ
939 4155 1057 4206 tnuscrit
1066 4171 1097 4205 en
1111 4153 1183 4215 latin,
1202 4153 1234 4212 Ιή
1250 4153 1282 4202 de
1297 4151 1322 4200 la

174 4239 342 4289 construction
360 4240 391 4290 de
404 4248 468 4289 cette
482 4237 571 4306 phrase
582 4245 619 4287 est
629 4236 727 4286 emhar·
768 4231 886 4297 premiere
903 4231 1025 4299 syllahea
1042 4229 1081 4280 ἐιὸ
1105 4229 1182 4279 rendu
1202 4243 1246 4294 par
1258 4244 1287 4287 ac,
1298 4235 1323 4275 et

175 4312 263 4363 rassie.
279 4314 312 4364 La
325 4315 463 4364 correction
478 4312 531 4372 los,
546 4310 663 4379 proposie
684 4328 729 4378 par
768 4305 852 4372 depuis
863 4306 915 4356 lors
925 4315 989 4356 cette
1003 4302 1232 4371 orthographes'est
1241 4301 1321 4352 main·

124 4418 127 4426 ·
176 4388 301 4454 Spalding,
321 4390 445 4457 supprime
464 4405 512 4439 une
530 4387 650 4455 premiere
663 4386 729 4437 diffi·
769 4390 842 4432 tenue
862 4398 893 4432 cn
915 4381 987 4442 latin,
1003 4397 1097 4432 commc
1118 4397 1150 4431 en
1169 4377 1320 4442 tcmoignent

175 4463 251 4524 culti,
262 4463 321 4514 hicn
333 4481 381 4531 quc
393 4463 652 4529 Pottierdirequ'arec
661 4461 687 4511 hi
696 4478 729 4512 οιι
769 4457 804 4507 lec
813 4457 871 4508 llss.
881 4457 1106 4524 ctlcsiuscriptious
1117 4478 1140 4507 ιι.
1151 4455 1179 4505 Ε.
1188 4454 1320 4506 Βιιιοιπ.
