3248 5340
543 510 651 568 lNST.
675 511 861 581 ORATOR.
886 511 966 566 LlB.
992 511 1020 580 1,
1045 516 1071 566 6.
1338 519 1385 570 101

227 662 319 754 fero,
340 663 442 760 cujus
457 663 674 758 praeteritum
703 661 902 760 perlectum
929 677 964 733 et
985 661 1133 733 ulterius
1156 687 1230 734 non
1253 665 1386 736 inveni·

230 798 301 855 tur.
326 787 398 853 Nec
426 781 622 880 plurimum
657 781 780 871 refert,
813 780 910 852 nulla
946 781 1021 853 haec
1039 805 1083 852 an
1113 782 1278 880 praedura
1302 785 1383 856 sint.

231 909 317 974 Nam
345 901 433 1000 quid
448 902 637 1000 progenies
655 902 813 996 genitivo
837 901 1019 997 singulari,
1041 900 1129 1001 quid
1153 901 1283 1000 plurali
1309 930 1388 1002 apes
1421 906 1423 911 ’

231 1023 355 1095 saciet?
367 1021 562 1110 Quomodo
586 1035 706 1092 autem
725 1023 821 1120 quire
832 1037 868 1093 et
883 1048 983 1092 ruere
1000 1022 1057 1093 vel
1072 1024 1109 1093 in
1128 1024 1304 1119 praeterita
1326 1048 1388 1120 pa-

232 1143 342 1215 tiendi
366 1142 477 1213 modo
506 1140 562 1212 vel
592 1142 628 1213 in
650 1142 839 1239 participia
866 1141 1090 1214 transibunt?
1119 1141 1214 1230 Quid
1240 1142 1286 1213 de
1312 1143 1389 1214 aliis
1416 1158 1453 1215 tt

230 1263 365 1352 dicam,
385 1287 468 1333 cum
489 1277 634 1332 serratus
652 1263 836 1355 serminio]
857 1263 973 1332 senati
987 1285 1032 1332 an
1045 1280 1187 1333 senatus
1211 1262 1314 1334 saciat
1334 1264 1387 1335 in-

230 1397 369 1454 certum
389 1383 452 1453 sit?
479 1386 597 1470 Quare
622 1381 710 1453 mihi
729 1407 802 1452 non
818 1383 1006 1453 invenuste
1024 1381 1095 1454 dici
1111 1381 1264 1472 videtur,
1291 1382 1387 1454 aliud

231 1527 306 1574 esse
328 1503 451 1591 latriae,
472 1500 570 1573 aliud
589 1517 826 1597 grammatice
853 1500 966 1599 loqui.
996 1505 1044 1572 Ac
1071 1501 1117 1573 de
1136 1501 1304 1596 oirulogiu
1327 1504 1386 1573 ni·

232 1652 356 1698 nuum.

280 1747 520 1845 Etymologm,
533 1771 612 1843 quae
622 1744 815 1817 verborum
830 1746 1005 1857 originem
1014 1746 1202 1843 inquirit,a
1216 1747 1388 1817 Cicerone
1415 1755 1454 1816 28

233 1866 327 1940 dicta
346 1881 398 1937 est
408 1867 555 1952 notatio,
572 1867 656 1964 quia
668 1889 801 1937 nomen
812 1865 991 1964 ejusapud
1004 1866 1228 1938 Aristotelem
1244 1867 1386 1938 inveni-

233 2002 291 2058 tur
305 1985 468 2083 σύμὸοιον,
483 1985 583 2083 quod
598 2000 649 2057 est
660 2001 763 2056 nota:
777 2011 861 2056 nam
873 1985 1024 2058 verbum
1039 2011 1082 2057 ex
1096 1985 1208 2058 verbo
1223 1985 1387 2075 ductum,

232 2184 308 2255 quod
329 2193 359 2237 ut
376 2183 502 2236 dicebam
522 2200 529 2238 ι
551 2184 728 2256 Esc13quid
753 2203 809 2237 non
827 2183 928 2237 similes
947 2203 1058 2256 quoque
1076 2196 1108 2238 ιιι
1126 2183 1249 2237 dicebam
1277 2200 1284 2235 ε
1306 2181 1386 2238 mult.

233 2272 310 2327 codd.
326 2280 353 2324 et
368 2271 426 2325 edd.
445 2303 478 2313 -
495 2291 517 2325 1.
533 2284 565 2326 ut
580 2272 619 2326 illi
636 2271 695 2325 iero
711 2289 718 2326 τ
733 2275 773 2343 A,
794 2283 825 2326 ιιι
848 2273 899 2326 tuli
919 2272 997 2329 sero:
1015 2276 1036 2326 B
1052 2274 1101 2327 PT
1112 2275 1133 2325 F
1143 2271 1237 2339 Gueli,
1251 2288 1338 2342 77²7,
1355 2283 1386 2325 ut

235 2360 293 2413 sero
312 2360 363 2413 tuli
389 2377 396 2413 t
417 2361 441 2413 N
463 2363 529 2414 Eat
550 2364 580 2417 Z.
597 2392 630 2401 —
655 2382 682 2414 a.
701 2380 736 2415 an
755 2361 834 2435 plura
853 2363 908 2416 sint
926 2380 934 2416 :
952 2363 977 2414 'l'
992 2370 1020 2415 ι·
1035 2380 1070 2414 m.
1090 2360 1159 2414 Bodl
1175 2360 1273 2429 Baliol,
1288 2363 1385 2433 Comp.

234 2480 267 2489 -
281 2453 309 2502 6.
318 2450 435 2503 Senatus
451 2451 557 2503 senatui
572 2452 658 2503 senati
670 2469 704 2504 an
720 2462 830 2505 senatus
843 2469 850 2506 :
863 2454 885 2505 B
898 2453 921 2505 N
935 2455 957 2505 Α
974 2472 1003 2523 a,
1015 2461 1125 2505 senatus
1138 2450 1243 2503 senatui
1259 2468 1292 2503 an
1305 2467 1386 2502 sena-

234 2551 296 2593 tus:
313 2540 345 2608 P,
362 2552 472 2592 senatus
483 2550 593 2592 senatus
607 2541 712 2593 senatui
728 2558 762 2593 an
775 2554 886 2594 senatus
898 2542 984 2594 senati
998 2551 1092 2594 senato
1105 2541 1146 2593 :C
1160 2540 1205 2593 Sa
1219 2540 1236 2590 b
1253 2547 1280 2591 et
1295 2541 1329 2609 Z,
1343 2556 1388 2591 se-

233 2638 312 2681 natus
327 2629 412 2682 senati
427 2647 461 2682 an
477 2638 586 2682 senatus
608 2647 614 2683 :
641 2630 710 2702 conj.
727 2628 840 2702 δμῶάς
858 2640 968 2684 senatus
989 2639 1099 2683 senatus
1113 2628 1221 2681 senatui
1240 2646 1275 2680 au
1299 2628 1385 2679 senati

232 2722 345 2772 senatu:
362 2716 465 2772 diescat
474 2720 546 2791 conj.
561 2749 594 2757 -
605 2719 632 2772 8.
649 2720 706 2772 Ac:
722 2727 780 2792 opt.
794 2717 887 2787 codd,-
900 2720 964 2771 Haec
980 2737 986 2771 :
1001 2719 1027 2770 tt
1038 2719 1064 2785 Q
1076 2727 1103 2770 et
1123 2725 1184 2771 vett.
1202 2717 1262 2771 edd.
1288 2747 1322 2756 -
1346 2715 1386 2768 vel

236 2807 373 2860 nimium:
392 2806 450 2859 edd.
464 2815 528 2859 vett.
546 2816 572 2859 ct
585 2806 643 2859 ruri
656 2805 733 2861 codd.

232 2977 425 3028 l'Ambrosianns
441 2987 465 3027 et
482 2978 571 3044 adopto
588 2977 642 3043 deii
655 2993 700 3044 par
721 2977 791 3028 Bou·
830 2977 970 3046 senattd[s].
991 2977 1027 3026 En
1043 2976 1121 3039 ellel,
1141 2976 1161 3026 si
1176 2975 1295 3042 tegeniut
1308 2975 1388 3024 senati

232 3054 280 3102 nell
290 3064 314 3102 et
324 3070 369 3119 par
380 3053 413 3103 tt.
430 3053 509 3114 Halm,
524 3051 567 3102 iait
580 3052 725 3118 disparaitre
738 3069 786 3102 une
831 3068 857 3101 ss
877 3062 963 3102 trouve
983 3049 1180 3115 irequemment,
1204 3065 1237 3099 on
1257 3059 1388 3099 rencontm

232 3129 310 3192 partie
323 3129 364 3176 des
382 3128 513 3177 difficultis
527 3126 646 3192 signalees
661 3142 705 3194 par
721 3126 792 3192 Spel·
831 3128 894 3177 sussi
913 3128 935 3177 Ιι
951 3126 1028 3176 lorme
1041 3126 1149 3174 senatuis
1173 3123 1222 3190 (οι.
1240 3123 1340 3173 Freiind
1362 3133 1388 3173 et

232 3202 289 3266 dmg
300 3210 324 3252 et
336 3219 380 3268 par
391 3203 499 3263 Pottier;
513 3202 640 3264 toutefois,
652 3218 709 3252 avec
720 3202 792 3269 Spal-
832 3200 972 3264 Fooellini);
985 3201 1003 3252 il
1012 3201 1117 3252 eddom
1139 3199 1383 3264 vmiremblableque

232 3277 330 3343 ding,je
335 3276 477 3343 prefecerais
484 3275 548 3326 nihil
559 3278 792 3345 loom-ll'apres
832 3277 965 3340 Quintilien
980 3292 994 3326 ι
1007 3276 1078 3327 voulu
1091 3275 1202 3342 rappeler
1214 3275 1248 3323 les
1263 3273 1325 3323 trois
1337 3281 1387 3322 ter·

233 3354 330 3419 Zumpt,
345 3370 389 3418 par
402 3351 506 3402 ulterius
520 3352 537 3402 il
552 3353 603 3403 taut
615 3353 734 3403 enteudre
753 3352 790 3402 les
831 3353 964 3403 minsisons
973 3353 1005 3403 de
1015 3361 1115 3401 senatus
1129 3367 1160 3402 au
1174 3349 1269 3417 genitis.
1286 3348 1348 3398 Dans
1362 3347 1385 3397 le

234 3438 310 3497 temps
326 3427 420 3478 derive's
438 3426 472 3477 du
481 3428 584 3498 persoir
602 3428 688 3496 ddfini.
832 3428 927 3478 senatui
935 3429 976 3478 des
987 3429 1044 3478 llss.
1060 3427 1090 3477 de
1105 3428 1127 3477 la
1138 3425 1257 3495 premiere
1266 3424 1343 3474 classe
1355 3424 1384 3472 l's

267 3507 293 3554 2.
316 3501 398 3553 Nulla
417 3503 475 3555 liaec.
501 3535 529 3543 -
554 3504 587 3555 La
625 3503 791 3554 modification
831 3505 905 3554 finale
920 3513 978 3571 peut
998 3503 1057 3554 bien
1071 3501 1231 3554 etrerombte
1245 3517 1288 3568 par
1304 3499 1385 3550 altist-

234 3578 320 3629 mollio
329 3578 503 3647 litcproposie
512 3579 651 3645 parllegius
660 3587 696 3628 cst
706 3579 793 3629 inutile
832 3581 924 3642 ration,
932 3581 1040 3630 senatuis
1049 3581 1131 3629 senati
1141 3580 1194 3630 iont
1206 3576 1385 3646 partiedupre·

233 3655 296 3705 aussi
310 3655 366 3705 bien
376 3671 423 3720 que
433 3656 455 3706 la
464 3655 602 3706 correction
613 3654 643 3704 de
654 3655 677 3704 Ιι
687 3660 715 3705 2·
726 3655 792 3705 mein
831 3656 893 3706 mier
906 3658 1014 3708 membre
1029 3665 1054 3706 et
1073 3667 1173 3705 senatus
1192 3651 1294 3722 precede
1306 3652 1338 3701 de
1351 3670 1384 3701 an

233 3730 264 3779 du
279 3730 324 3780 lis.
339 3731 369 3780 da
383 3730 485 3781 Zurich.
831 3748 857 3781 se
866 3732 1006 3781 trouvessul
1014 3732 1074 3782 dans
1083 3733 1105 3781 le
1113 3731 1203 3781 second
1212 3744 1306 3780 comme
1316 3728 1385 3778 etant

267 3810 291 3857 6.
306 3810 419 3856 Senatus.
437 3834 471 3843 -
486 3806 601 3872 Spalding
616 3804 717 3855 obsecre
733 3822 792 3856 evm
832 3805 969 3873 prifirable
977 3823 1023 3856 aux
1034 3806 1097 3856 deux
1105 3816 1188 3856 autres
1202 3805 1262 3854 dont
1274 3805 1297 3853 le
1303 3804 1385 3853 moins

234 3883 314 3932 raison
327 3899 374 3948 que
389 3880 691 3948 tartpe‘tttiouuesenams
702 3881 792 3931 denslc
832 3883 881 3932 bon
891 3890 928 3932 est
936 3882 1053 3930 senatuis.
1063 3880 1143 3932 -CL
1164 3879 1319 3930 Aula-Gelle.
1333 3876 1383 3942 (lv,
1406 3912 1412 3922 .

234 3967 298 4009 texte
312 3958 428 4024 vulgaire,
442 3973 472 4007 su
488 3957 628 4018 nominatif,
642 3957 792 4007 embarrasse.
835 3961 875 4022 lu)
891 3975 897 4006 ι
913 3978 926 4003 ι
938 3957 971 4007 ll.
987 3956 1120 4006 Varronem
1130 3965 1155 4005 et
1167 3955 1195 4004 P.
1205 3954 1338 4019 Nigidium,
1351 3953 1383 4002 vi·

232 4033 256 4083 la
268 4034 435 4084 construction
448 4033 479 4083 de
496 4033 518 4083 la
538 4033 626 4101 phrase
638 4041 664 4082 et
677 4048 709 4082 ne
722 4032 793 4082 laisso
834 4055 846 4078 ι
858 4049 897 4083 ros
908 4031 1002 4082 romani
1010 4031 1104 4098 generis
1117 4030 1279 4091 doctissimos,
1285 4044 1385 4095 compe·

234 4110 288 4174 plus
303 4112 380 4159 meme
395 4110 425 4159 de
436 4112 497 4176 sujet
509 4126 539 4159 ιιι
552 4110 627 4159 verbe
636 4108 728 4177 facian
739 4117 793 4159 tou·
833 4130 845 4153 ι
857 4108 933 4158 rimus
942 4123 992 4157 non
1004 4107 1077 4157 aliter
1090 4106 1197 4157 elocutos
1207 4114 1291 4155 asscel
1304 4104 1381 4171 scrip-

235 4183 305 4233 tciois
318 4184 341 4233 la
356 4185 426 4250 leqou
440 4184 502 4250 qu‘il
514 4201 625 4252 propose,
637 4183 715 4250 etqui
728 4200 742 4233 a
754 4183 793 4235 ἐιέ
835 4183 1096 4250 «sissequamsenatuis
1106 4191 1130 4232 et
1139 4179 1232 4231 domnis
1240 4189 1265 4230 et
1273 4178 1382 4247 fluctuis,

234 4259 336 4325 adoptee
354 4276 399 4325 par
415 4259 519 4310 Bonnell
539 4270 562 4310 et
573 4277 617 4327 per
631 4261 664 4310 ll.
683 4259 793 4322 licimo
834 4279 846 4302 ι
861 4259 903 4324 qui
924 4269 959 4309 ost
978 4258 1070 4326 patrius
1084 4274 1154 4308 casus
1167 4256 1199 4306 ab
1219 4255 1328 4321 eoquod
1348 4264 1385 4304 est

236 4333 427 4384 l'inconu'enient
446 4335 476 4384 de
492 4344 610 4401 tronqoer
624 4335 646 4385 la
665 4336 735 4401 lecon
751 4334 793 4385 des
834 4354 848 4378 a
860 4343 969 4393 senatus,
982 4331 1100 4382 domasset
1115 4332 1226 4400 strictus:
1240 4330 1299 4381 hinc
1311 4347 1382 4379 sena-

235 4409 378 4476 principem
390 4409 444 4458 tiss.
455 4408 486 4459 de
495 4410 519 4459 la
532 4414 565 4460 1¹·
577 4410 660 4459 classe·
673 4409 719 4459 l'ai
733 4426 793 4459 con·
835 4431 848 4453 tt
862 4409 909 4470 rui,
919 4406 1008 4468 domui,
1020 4407 1114 4475 fluctui,
1131 4417 1259 4473 ceteraque
1273 4405 1311 4456 his
1324 4421 1383 4457 con·

235 4483 303 4536 serre
309 4492 373 4534 cette
387 4483 456 4550 lecon
465 4500 495 4533 en
507 4483 642 4550 chengoant
653 4485 750 4534 senatui
760 4500 792 4534 en
838 4503 848 4531 s
863 4483 954 4535 similia
965 4484 1057 4553 pariter
1070 4483 1170 4535 dixisse.
1187 4506 1198 4529 ι
