3248 5340
311 496 433 538 cnmttt
787 479 985 537 APPENDtX.

309 633 418 705 capitis,
434 643 463 686 ιιι
473 642 563 702 gestus
574 631 608 685 ad
620 650 723 702 vocem,
736 630 828 685 vultus
837 628 871 684 ad
881 640 986 701 gestum
1000 628 1234 684 accommodetur.
1246 631 1295 701 [9.]
1310 630 1464 684 Observan-

309 722 375 776 dum
390 722 443 776 erit
457 721 537 775 etiam
557 732 589 775 ut
601 731 673 774 recta
688 721 723 774 sit
736 719 817 773 socies
830 719 957 790 dicentis,
974 739 1008 773 ne
1023 719 1098 773 labra
1109 718 1344 791 distorqueamur,
1363 738 1397 772 ne
1412 721 1464 773 im·

310 811 435 864 modicus
457 811 548 863 hiatus
567 812 667 863 rictum
686 808 835 880 distendat,
855 827 890 862 ne
911 809 1026 880 supinus
1044 807 1142 874 vultus,
1158 827 1191 861 ne
1206 808 1304 862 deiecti
1321 811 1347 861 io
1362 819 1464 863 terram

309 900 392 969 oculi,
418 898 545 952 inclinata
558 898 690 952 utrolibet
701 900 800 952 cervix.
814 898 882 968 [to]
892 899 960 951 Nam
976 897 1052 951 frons
1062 896 1190 971 pluribus
1199 897 1344 968 generibus
1355 909 1463 969 peccat.

309 988 375 1041 Vidi
398 987 508 1058 multos,
530 1005 650 1060 quorum
669 986 816 1060 supercilia
839 986 874 1040 ad
893 985 1016 1057 singulos
1038 987 1112 1040 vocis
1133 996 1249 1040 conatus
1270 986 1463 1058 allevarentur,

308 1077 426 1131 aliorum
440 1078 602 1148 constricta,
617 1076 733 1130 aliorum
752 1078 833 1130 etiam
848 1075 1018 1144 dissidentia,
1035 1094 1099 1129 cum
1114 1074 1201 1129 altero
1216 1075 1243 1128 in
1259 1075 1387 1129 verticem
1403 1087 1465 1130 ten-

307 1165 415 1233 derent,
430 1165 516 1220 altero
529 1184 606 1237 poene
618 1164 716 1218 oculus
727 1166 782 1238 ipse
795 1176 976 1238 premeretur.
994 1165 1062 1236 [ιι,[
1080 1164 1221 1218 inlinitum
1237 1176 1363 1220 autem...
1375 1165 1404 1218 in
1421 1164 1463 1217 his

307 1273 418 1327 qnoque
434 1254 516 1309 rebus
530 1265 699 1309 momentum
715 1266 753 1308 est
772 1273 778 1309 :
796 1264 824 1307 et
838 1253 921 1307 nichil
937 1264 1026 1326 potest
1042 1253 1150 1325 plaeere
1163 1253 1239 1325 quod
1254 1272 1308 1307 non
1323 1254 1410 1307 decet.

342 1346 409 1416 [ta]
425 1344 513 1398 Debet
524 1345 605 1397 etiam
618 1344 749 1400 docere...
764 1343 904 1415 quomodo
919 1342 1096 1414 narrandum,
1111 1361 1165 1415 qua
1177 1344 1211 1396 sit
1222 1345 1385 1396 auctoritate
1399 1362 1464 1398 sua-

306 1433 438 1503 dendum,
458 1452 512 1505 qua
527 1434 713 1487 concitatione
731 1442 878 1502 consurgat
893 1433 943 1498 ira,
959 1433 1007 1504 qui
1033 1433 1118 1485 ssexus
1132 1432 1227 1485 deccat
1246 1432 1462 1486 miserationem.

306 1521 389 1591 Quod
408 1524 444 1576 ita
466 1524 568 1595 optime
591 1522 680 1588 saciet,
703 1523 724 1575 si
738 1533 827 1575 certos
848 1539 880 1573 ex
904 1521 1063 1575 doctor-iton
1088 1521 1196 1592 elegerit
1215 1521 1298 1591 locos,
1313 1532 1339 1575 et
1359 1521 1394 1575 ud
1409 1521 1463 1575 ltoe

306 1613 421 1665 maxime
436 1611 558 1681 idoneos,
576 1612 603 1665 id
617 1623 658 1665 est
671 1611 827 1665 actionibus
843 1610 955 1663 similes.
976 1611 1045 1682 [tl]
1067 1610 1141 1665 Idem
1162 1620 1254 1663 autem
1275 1629 1331 1663 non
1346 1611 1381 1664 ad
1393 1629 1462 1684 pro-

255 1760 257 1765 ,
305 1701 487 1755 nuntiandum
513 1700 596 1754 modo
619 1700 768 1771 utilissimi,
795 1718 887 1754 terum
911 1698 946 1752 ad
968 1697 1118 1768 ungendam
1141 1717 1253 1770 quoqne
1274 1699 1462 1772 eloquentiam

305 1792 421 1844 maxime
436 1789 632 1843 accommodati
643 1800 735 1843 erunt.
748 1792 816 1859 [tt]
830 1791 862 1842 tlt
871 1788 938 1856 hacc,
948 1789 1014 1842 dum
1026 1788 1132 1842 infirma
1147 1798 1210 1841 retas
1226 1789 1330 1842 maiora
1343 1807 1399 1842 non
1415 1807 1462 1842 ca·

305 1880 370 1956 pict,
386 1889 505 1934 ceterum
518 1897 580 1931 cum
595 1879 682 1948 legere
694 1881 832 1931 orationes
844 1877 993 1951 oportebit,
1010 1895 1072 1930 cum
1089 1879 1204 1931 virtutes
1217 1895 1312 1932 earum
1328 1879 1381 1932 iam
1396 1897 1461 1932 seu-

304 1969 364 2038 tiet,
385 1979 444 2021 tum
465 1967 548 2020 michi
570 1966 686 2038 diligens
704 1966 803 2040 aliquis
822 1986 854 2020 ac
869 1968 974 2039 peritus
989 1968 1112 2035 assistat,
1132 1985 1221 2038 neque
1236 1966 1325 2021 solum
1345 1968 1462 2021 lectione

304 2056 413 2127 formet,
431 2073 524 2109 verum
539 2056 658 2109 ediscere
673 2058 755 2109 ctiam
768 2055 851 2110 electa
866 2075 899 2109 cx
910 2055 952 2108 his
966 2067 1055 2127 cogat,
1068 2066 1095 2109 ct
1110 2074 1140 2109 ea
1154 2056 1245 2110 dicere
1258 2066 1374 2110 stantem
1389 2056 1462 2109 clare

303 2155 328 2197 et
348 2144 580 2217 quemadmodum
599 2163 677 2214 agere
697 2146 850 2219 oportebit,
873 2159 904 2199 ut
921 2147 1048 2219 protinus
1068 2145 1298 2219 pronunciatione
1319 2162 1413 2199 rocem
1434 2130 1462 2198 el

303 2235 461 2288 memoriam
474 2245 606 2287 exerceat.
624 2235 724 2305 [ι5.].,.
739 2234 797 2288 Non
811 2234 845 2287 dc
858 2234 899 2287 ltis
912 2234 1011 2306 loquor
1018 2234 1121 2305 quibus
1129 2252 1191 2307 pars
1207 2236 1266 2288 vitae
1278 2236 1306 2288 in
1313 2233 1384 2303 oleo,
1398 2252 1462 2308 pars

304 2325 331 2376 in
347 2323 409 2375 vitto
428 2324 611 2391 consumitur,
633 2325 680 2394 qui
703 2342 851 2396 corporum
873 2341 939 2377 cura
964 2334 1082 2377 mentem
1102 2323 1257 2378 obruerunt
1283 2341 1290 2377 :
1317 2323 1367 2377 ltos
1386 2324 1460 2377 enim

302 2411 395 2467 abesse
407 2411 442 2464 ab
457 2431 490 2465 eo
505 2430 587 2483 quem
601 2412 770 2466 instituimus
785 2411 876 2466 velim.
892 2413 992 2483 [ι6.]...
1009 2414 1109 2466 Gestus
1123 2424 1269 2485 motusque
1281 2412 1458 2467 lortnantur:

303 2512 333 2554 ut
353 2511 425 2554 recta
444 2501 499 2554 sint
520 2499 644 2570 bradua,
667 2520 701 2554 ne
721 2501 839 2554 indoctus
859 2503 1000 2554 rusticaeve
1016 2520 1124 2571 manus,
1142 2520 1177 2554 nc
1196 2512 1282 2555 status
1297 2502 1458 2569 indecorus,

303 2608 336 2643 nc
350 2608 404 2661 qua
420 2591 447 2642 in
467 2587 639 2662 proferendis
656 2589 773 2662 pedibus
789 2591 909 2655 inscitia,
925 2610 959 2643 ne
974 2604 1057 2663 caput
1072 2590 1201 2663 oculique
1215 2589 1251 2642 ab
1264 2590 1316 2643 alia
1331 2590 1461 2662 corporis

303 2678 480 2732 inclinatione
490 2677 649 2735 dissideant.
667 2679 734 2750 [tp]
750 2679 818 2732 Nam
834 2697 923 2751 neque
939 2679 992 2733 hoc
1016 2681 1043 2733 iu
1058 2685 1136 2751 parte
1151 2679 1391 2752 pronunciationis
1406 2697 1458 2732 ne-

302 2769 404 2839 gaverit
427 2768 587 2840 quisquam,
612 2785 700 2840 neque
725 2769 810 2840 ipsum
829 2770 1087 2841 pronunciationem
1111 2768 1145 2822 ab
1166 2779 1275 2822 oratore
1298 2778 1425 2822 secernet
1452 2785 1459 2821 ε

302 2868 329 2909 et
343 2868 426 2927 certe,
442 2856 518 2929 quod
533 2856 619 2910 lacere
634 2868 758 2928 oporteat
779 2876 834 2911 nou
854 2857 1052 2928 indignandum
1071 2869 1112 2912 est
1130 2857 1271 2914 discere...
1295 2860 1384 2929 [tq]...
1404 2859 1460 2910 Ne-

303 2964 357 3018 que
370 2947 443 2999 euim
458 2956 562 3017 gestum
584 2947 701 2999 oratoris
722 2948 847 3020 componi
867 2947 901 3000 ad
921 2946 1129 3001 similitudinem
1150 2945 1302 3001 saltationis
1324 2947 1395 3015 volo,
1412 2945 1459 2998 sed

302 3036 412 3089 subesse
429 3034 532 3108 aliquid
546 3054 579 3089 es
599 3035 648 3089 hac
670 3037 863 3090 exercitatione
880 3035 990 3108 puerili,
1008 3035 1082 3089 unde
1101 3056 1151 3090 nos
1164 3055 1219 3090 nou
1238 3035 1267 3090 id
1279 3046 1387 3106 agentes
1399 3032 1459 3089 tur-

303 3125 353 3178 tim
365 3123 449 3179 decor
461 3124 506 3178 ille
520 3123 689 3179 discentibus
703 3126 820 3179 traditus
834 3135 1031 3197 prosequatur.

484 3331 575 3384 Carur
595 3332 630 3384 X.
651 3333 694 3384 An
712 3329 794 3405 plura
813 3331 900 3384 eodem
920 3339 1035 3405 ternpore
1054 3330 1140 3383 doceri
1157 3331 1271 3405 possirtt.

339 3494 414 3561 [ΧΗ.
434 3496 470 3560 ι.]
485 3495 577 3560 Quoeri
592 3493 660 3547 solet
674 3513 718 3564 an,
731 3495 844 3549 etiamsi
859 3494 987 3561 discenda
1002 3494 1056 3549 sint
1068 3495 1134 3562 lnce,
1147 3494 1243 3548 eodem
1256 3505 1378 3566 tempore
1388 3490 1458 3548 tradi

305 3582 397 3634 omniu
412 3592 439 3635 et
450 3582 553 3654 percipi
568 3584 682 3654 possint.
699 3586 802 3654 Negant
815 3586 888 3638 enim
899 3584 1023 3657 quidam,
1032 3585 1096 3656 quia
1112 3583 1300 3637 confundatur
1310 3586 1419 3638 animus·
1432 3593 1462 3636 et

306 3669 433 3740 fatigetur
452 3680 492 3725 tot
513 3670 665 3743 disciplinis
687 3674 714 3726 iu
735 3672 872 3727 diversum
889 3673 1076 3744 tendentibus,
1094 3672 1128 3726 ad
1151 3691 1218 3744 quas
1241 3691 1291 3727 uec
1306 3691 1392 3743 mens,
1407 3690 1457 3725 nec

341 3855 363 3902 t.
383 3852 417 3903 Le
426 3850 531 3902 testedu
543 3851 599 3902 cod.
612 3853 737 3902 Bercensis
752 3852 855 3902 dounait
904 3851 1024 3902 reritable
1035 3850 1163 3902 alteration
1175 3852 1211 3902 dn
1225 3849 1371 3918 testequ'nn
1381 3850 1461 3919 puisse

304 3928 477 3980 certainement
489 3925 608 3990 comodis,
623 3944 670 3993 que
683 3929 732 3978 l‘on
743 3938 857 3978 retroure
905 3928 940 3978 lui
958 3927 1100 3995 reprocher,
1120 3928 1234 3979 maiselle
1251 3935 1288 3977 est
1297 3925 1461 3978 caracteristi·

305 4005 365 4055 daus
375 4004 398 4054 le
412 4004 456 4054 Ms.
473 4007 547 4056 tttu.
559 4002 619 4053 Mais
630 4003 657 4052 Ε.
674 4004 704 4054 de
715 4005 744 4054 tt.
756 4003 856 4072 asystt's·
905 4021 959 4071 qne.
972 4004 1005 4053 Le
1019 4003 1100 4053 moine
1113 4003 1306 4071 quispprourait
1317 4002 1459 4052 tacitement

306 4082 489 4146 mutiquement,
513 4088 537 4129 et
558 4095 603 4146 par
625 4096 673 4129 une
694 4079 777 4129 habile
798 4096 856 4130 cou·
905 4079 940 4130 les
953 4079 1100 4131 eltt'ttiments
1118 4079 1244 4146 corporeis
1256 4078 1367 4128 n'simait
1379 4094 1422 4144 pus
1436 4077 1459 4127 le

305 4154 856 4223 pure,dettatutdtoutoechapitrezd'abord
906 4155 1009 4205 tltetltre.
1029 4157 1098 4204 -Α
1122 4155 1143 4204 la
1160 4154 1330 4220 bibliotheque
1350 4155 1382 4203 du
1400 4152 1456 4213 Ber,
1540 4186 1545 4194 ·

305 4232 500 4282 enretranclrant
510 4231 732 4298 lapremicreligne
743 4229 855 4280 Dartdum
906 4248 937 4281 au
956 4238 1006 4282 xtt‘
1022 4231 1103 4293 siecle,
1116 4231 1132 4280 il
1151 4231 1191 4298 u’y
1206 4231 1271 4281 arsit
1286 4230 1311 4280 ni
1334 4229 1420 4280 Plaute
1432 4229 1458 4278 ni

280 4312 292 4328 ⁰
305 4306 402 4376 aliquid
407 4305 512 4356 comodo
520 4325 612 4378 quoque
618 4306 675 4356 dum
685 4318 784 4356 eotenus
792 4325 854 4375 qum·
906 4303 1022 4356 Terence.
1035 4306 1083 4370 (Cl.
1098 4310 1222 4375 Rapports
1235 4324 1279 4355 sur
1288 4304 1323 4355 les
1332 4303 1458 4355 bibliothe-

305 4384 433 4433 ensuiteen
440 4383 621 4434 substituantici
629 4385 650 4432 le
661 4393 711 4433 mot
719 4380 857 4432 aleatoribus
907 4399 963 4450 ques
982 4379 1024 4430 cles
1043 4380 1225 4448 de'portemeuts
1244 4379 1275 4431 de
1291 4380 1397 4442 foueat,
1415 4397 1459 4448 par

305 4474 336 4506 an
351 4467 401 4507 mot
418 4459 538 4508 comedis.
552 4459 616 4509 C’est
627 4458 780 4527 peut-etrele
792 4458 857 4508 seule
908 4458 935 4508 F.
951 4457 1089 4520 liuvaisson,
1102 4457 1178 4518 ιιι-δ”,
1195 4459 1268 4520 wll,
1281 4474 1305 4527 p.
1326 4455 1458 4520 atauus.)
