<?xml version="1.0" encoding="UTF-8"?>
<!DOCTYPE html PUBLIC "-//W3C//DTD XHTML 1.0 Transitional//EN"
    "http://www.w3.org/TR/xhtml1/DTD/xhtml1-transitional.dtd">
<html xmlns="http://www.w3.org/1999/xhtml" xml:lang="en" lang="en">
 <head>
  <title>
</title>
<meta http-equiv="Content-Type" content="text/html;charset=utf-8" />
  <meta name='ocr-system' content='tesseract 3.04.00' />
  <meta name='ocr-capabilities' content='ocr_page ocr_carea ocr_par ocr_line ocrx_word'/>
</head>
<body>
  <div class='ocr_page' id='page_1' title='image "./deinstitutioneo00fiergoog_0151.png"; bbox 0 0 3248 5340; ppageno 0'>
   <div class='ocr_carea' id='block_1_1' title="bbox 300 511 973 569">
    <p class='ocr_par' dir='ltr' id='par_1_1' title="bbox 300 511 973 569">
     <span class='ocr_line' id='line_1_1' title="bbox 300 511 973 569; baseline -0.004 -1"><span class='ocrx_word' id='word_1_1' title='bbox 300 526 418 569; x_wconf 75' lang='lat' dir='ltr'>cxxxvi</span> <span class='ocrx_word' id='word_1_2' title='bbox 773 511 973 567; x_wconf 56' lang='lat' dir='ltr'>rtrrutetx.</span> 
     </span>
    </p>
   </div>
   <div class='ocr_carea' id='block_1_2' title="bbox 246 749 1461 1976">
    <p class='ocr_par' dir='ltr' id='par_1_2' title="bbox 246 749 1461 1976">
     <span class='ocr_line' id='line_1_2' title="bbox 337 749 1457 824; baseline 0.003 -20"><span class='ocrx_word' id='word_1_3' title='bbox 337 753 404 823; x_wconf 74' lang='grc' dir='ltr'>[·ι8.]</span> <span class='ocrx_word' id='word_1_4' title='bbox 419 754 455 804; x_wconf 88' lang='lat' dir='ltr'>Ut</span> <span class='ocrx_word' id='word_1_5' title='bbox 469 750 658 804; x_wconf 85' lang='lat' dir='ltr'>euimrascula</span> <span class='ocrx_word' id='word_1_6' title='bbox 674 752 729 802; x_wconf 85' lang='lat' dir='ltr'>oris</span> <span class='ocrx_word' id='word_1_7' title='bbox 742 752 848 821; x_wconf 78' lang='lat' dir='ltr'>augusti</span> <span class='ocrx_word' id='word_1_8' title='bbox 864 752 1037 821; x_wconf 76' lang='lat' dir='ltr'>superfusam</span> <span class='ocrx_word' id='word_1_9' title='bbox 1051 749 1175 803; x_wconf 89' lang='lat' dir='ltr'>humeris</span> <span class='ocrx_word' id='word_1_10' title='bbox 1185 753 1292 823; x_wconf 86' lang='lat' dir='ltr'>copiam</span> <span class='ocrx_word' id='word_1_11' title='bbox 1308 766 1457 824; x_wconf 87' lang='lat' dir='ltr'>respuunt,</span> 
     </span>
     <span class='ocr_line' id='line_1_3' title="bbox 300 838 1458 912; baseline 0.001 -18"><span class='ocrx_word' id='word_1_12' title='bbox 300 842 398 894; x_wconf 90' lang='lat' dir='ltr'>sensim</span> <span class='ocrx_word' id='word_1_13' title='bbox 408 850 499 893; x_wconf 90' lang='lat' dir='ltr'>autem</span> <span class='ocrx_word' id='word_1_14' title='bbox 510 838 690 893; x_wconf 79' lang='lat' dir='ltr'>influentibus</span> <span class='ocrx_word' id='word_1_15' title='bbox 704 838 744 891; x_wconf 81' lang='lat' dir='ltr'>vel</span> <span class='ocrx_word' id='word_1_16' title='bbox 755 840 836 892; x_wconf 88' lang='lat' dir='ltr'>etiam</span> <span class='ocrx_word' id='word_1_17' title='bbox 851 838 989 892; x_wconf 85' lang='lat' dir='ltr'>instillatis</span> <span class='ocrx_word' id='word_1_18' title='bbox 1000 838 1175 910; x_wconf 76' lang='lat' dir='ltr'><strong>complentur</strong></span> <span class='ocrx_word' id='word_1_19' title='bbox 1189 857 1196 891; x_wconf 90' lang='lat'>:</span> <span class='ocrx_word' id='word_1_20' title='bbox 1210 839 1249 891; x_wconf 90' lang='lat' dir='ltr'>sic</span> <span class='ocrx_word' id='word_1_21' title='bbox 1259 841 1342 893; x_wconf 91' lang='lat' dir='ltr'>animi</span> <span class='ocrx_word' id='word_1_22' title='bbox 1352 858 1458 912; x_wconf 86' lang='lat' dir='ltr'>puero·</span> 
     </span>
     <span class='ocr_line' id='line_1_4' title="bbox 246 926 1459 1001; baseline -0.001 -17"><span class='ocrx_word' id='word_1_23' title='bbox 246 968 249 974; x_wconf 87' lang='lat'>-</span> <span class='ocrx_word' id='word_1_24' title='bbox 300 948 362 984; x_wconf 86' lang='lat' dir='ltr'>rum</span> <span class='ocrx_word' id='word_1_25' title='bbox 374 940 508 1000; x_wconf 86' lang='lat' dir='ltr'>quantum</span> <span class='ocrx_word' id='word_1_26' title='bbox 527 929 651 1000; x_wconf 76' lang='lat' dir='ltr'>excipere</span> <span class='ocrx_word' id='word_1_27' title='bbox 666 929 771 1001; x_wconf 82' lang='lat' dir='ltr'>possint</span> <span class='ocrx_word' id='word_1_28' title='bbox 784 926 932 980; x_wconf 89' lang='lat' dir='ltr'>videndum</span> <span class='ocrx_word' id='word_1_29' title='bbox 945 938 994 980; x_wconf 83' lang='lat' dir='ltr'>est.</span> <span class='ocrx_word' id='word_1_30' title='bbox 1006 928 1075 980; x_wconf 70' lang='lat' dir='ltr'>Nam</span> <span class='ocrx_word' id='word_1_31' title='bbox 1092 929 1194 981; x_wconf 86' lang='lat' dir='ltr'>maiora</span> <span class='ocrx_word' id='word_1_32' title='bbox 1212 927 1365 1000; x_wconf 87' lang='lat' dir='ltr'>intellectu,</span> <span class='ocrx_word' id='word_1_33' title='bbox 1381 929 1459 984; x_wconf 80' lang='lat' dir='ltr'>velut</span> 
     </span>
     <span class='ocr_line' id='line_1_5' title="bbox 300 1015 1461 1091; baseline 0.001 -20"><span class='ocrx_word' id='word_1_34' title='bbox 300 1035 397 1091; x_wconf 87' lang='lat' dir='ltr'>parum</span> <span class='ocrx_word' id='word_1_35' title='bbox 412 1028 520 1089; x_wconf 88' lang='lat' dir='ltr'>apertos</span> <span class='ocrx_word' id='word_1_36' title='bbox 534 1016 568 1069; x_wconf 89' lang='lat' dir='ltr'>ad</span> <span class='ocrx_word' id='word_1_37' title='bbox 582 1016 799 1088; x_wconf 88' lang='lat' dir='ltr'>percipiendum,</span> <span class='ocrx_word' id='word_1_38' title='bbox 815 1018 922 1068; x_wconf 88' lang='lat' dir='ltr'>animos</span> <span class='ocrx_word' id='word_1_39' title='bbox 932 1035 987 1069; x_wconf 89' lang='lat' dir='ltr'>non</span> <span class='ocrx_word' id='word_1_40' title='bbox 999 1015 1140 1072; x_wconf 88' lang='lat' dir='ltr'>subibunt.</span> <span class='ocrx_word' id='word_1_41' title='bbox 1153 1017 1221 1087; x_wconf 62' lang='lat' dir='ltr'>[an]</span> <span class='ocrx_word' id='word_1_42' title='bbox 1234 1015 1308 1070; x_wconf 90' lang='lat' dir='ltr'>Utile</span> <span class='ocrx_word' id='word_1_43' title='bbox 1321 1019 1404 1088; x_wconf 82' lang='lat' dir='ltr'>igitur</span> <span class='ocrx_word' id='word_1_44' title='bbox 1415 1019 1461 1072; x_wconf 84' lang='lat' dir='ltr'>lra-</span> 
     </span>
     <span class='ocr_line' id='line_1_6' title="bbox 301 1104 1459 1179; baseline 0.001 -20"><span class='ocrx_word' id='word_1_45' title='bbox 301 1109 364 1159; x_wconf 84' lang='lat' dir='ltr'>bere</span> <span class='ocrx_word' id='word_1_46' title='bbox 378 1115 428 1175; x_wconf 88' lang='lat' dir='ltr'>est,</span> <span class='ocrx_word' id='word_1_47' title='bbox 443 1123 512 1177; x_wconf 88' lang='lat' dir='ltr'>ques</span> <span class='ocrx_word' id='word_1_48' title='bbox 527 1106 628 1158; x_wconf 89' lang='lat' dir='ltr'>imitari</span> <span class='ocrx_word' id='word_1_49' title='bbox 639 1107 770 1178; x_wconf 84' lang='lat' dir='ltr'>primum,</span> <span class='ocrx_word' id='word_1_50' title='bbox 785 1123 847 1158; x_wconf 81' lang='lat' dir='ltr'>mox</span> <span class='ocrx_word' id='word_1_51' title='bbox 867 1106 974 1158; x_wconf 81' lang='lat' dir='ltr'>vincere</span> <span class='ocrx_word' id='word_1_52' title='bbox 994 1104 1068 1158; x_wconf 84' lang='lat' dir='ltr'>velis.</span> <span class='ocrx_word' id='word_1_53' title='bbox 1084 1107 1124 1157; x_wconf 92' lang='lat' dir='ltr'>lta</span> <span class='ocrx_word' id='word_1_54' title='bbox 1140 1104 1271 1175; x_wconf 89' lang='lat' dir='ltr'>paulatim</span> <span class='ocrx_word' id='word_1_55' title='bbox 1287 1117 1313 1159; x_wconf 92' lang='lat' dir='ltr'>et</span> <span class='ocrx_word' id='word_1_56' title='bbox 1329 1109 1459 1179; x_wconf 88' lang='lat' dir='ltr'>superio·</span> 
     </span>
     <span class='ocr_line' id='line_1_7' title="bbox 300 1181 1458 1266; baseline 0.001 -19"><span class='ocrx_word' id='word_1_57' title='bbox 300 1212 362 1247; x_wconf 89' lang='lat' dir='ltr'>rum</span> <span class='ocrx_word' id='word_1_58' title='bbox 376 1212 437 1266; x_wconf 88' lang='lat' dir='ltr'>spes</span> <span class='ocrx_word' id='word_1_59' title='bbox 451 1181 538 1249; x_wconf 85' lang='lat' dir='ltr'>erit...</span> <span class='ocrx_word' id='word_1_60' title='bbox 560 1194 627 1265; x_wconf 74' lang='lat' dir='ltr'>[do]</span> <span class='ocrx_word' id='word_1_61' title='bbox 647 1195 765 1247; x_wconf 82' lang='lat' dir='ltr'>Maxima</span> <span class='ocrx_word' id='word_1_62' title='bbox 780 1212 844 1247; x_wconf 77' lang='lat' dir='ltr'>vero</span> <span class='ocrx_word' id='word_1_63' title='bbox 859 1212 922 1265; x_wconf 88' lang='lat' dir='ltr'>pars</span> <span class='ocrx_word' id='word_1_64' title='bbox 945 1193 1110 1264; x_wconf 72' lang='lat' dir='ltr'>eloquentiae</span> <span class='ocrx_word' id='word_1_65' title='bbox 1133 1204 1240 1247; x_wconf 88' lang='lat' dir='ltr'>constat</span> <span class='ocrx_word' id='word_1_66' title='bbox 1255 1194 1357 1249; x_wconf 88' lang='lat' dir='ltr'>anime.</span> <span class='ocrx_word' id='word_1_67' title='bbox 1375 1196 1458 1249; x_wconf 87' lang='lat' dir='ltr'>Hunc</span> 
     </span>
     <span class='ocr_line' id='line_1_8' title="bbox 300 1281 1458 1359; baseline 0.001 -23"><span class='ocrx_word' id='word_1_68' title='bbox 300 1283 380 1346; x_wconf 72' lang='lat' dir='ltr'>allici,</span> <span class='ocrx_word' id='word_1_69' title='bbox 400 1283 474 1335; x_wconf 91' lang='lat' dir='ltr'>hunc</span> <span class='ocrx_word' id='word_1_70' title='bbox 498 1285 645 1354; x_wconf 79' lang='lat' dir='ltr'>concipere</span> <span class='ocrx_word' id='word_1_71' title='bbox 661 1284 790 1353; x_wconf 76' lang='lat' dir='ltr'>imagines</span> <span class='ocrx_word' id='word_1_72' title='bbox 804 1299 909 1359; x_wconf 88' lang='lat' dir='ltr'>rerum,</span> <span class='ocrx_word' id='word_1_73' title='bbox 926 1293 953 1335; x_wconf 93' lang='lat' dir='ltr'>et</span> <span class='ocrx_word' id='word_1_74' title='bbox 968 1281 1157 1335; x_wconf 83' lang='lat' dir='ltr'>transformari</span> <span class='ocrx_word' id='word_1_75' title='bbox 1173 1281 1293 1354; x_wconf 83' lang='lat' dir='ltr'>quedam</span> <span class='ocrx_word' id='word_1_76' title='bbox 1318 1283 1404 1337; x_wconf 88' lang='lat' dir='ltr'>mode</span> <span class='ocrx_word' id='word_1_77' title='bbox 1421 1284 1458 1337; x_wconf 90' lang='lat' dir='ltr'>ad</span> 
     </span>
     <span class='ocr_line' id='line_1_9' title="bbox 300 1371 1457 1443; baseline 0 -18"><span class='ocrx_word' id='word_1_78' title='bbox 300 1383 425 1425; x_wconf 85' lang='lat' dir='ltr'>naturam</span> <span class='ocrx_word' id='word_1_79' title='bbox 441 1389 549 1441; x_wconf 89' lang='lat' dir='ltr'>eorum,</span> <span class='ocrx_word' id='word_1_80' title='bbox 564 1371 598 1424; x_wconf 92' lang='lat' dir='ltr'>de</span> <span class='ocrx_word' id='word_1_81' title='bbox 613 1371 714 1443; x_wconf 88' lang='lat' dir='ltr'>quibus</span> <span class='ocrx_word' id='word_1_82' title='bbox 729 1371 879 1443; x_wconf 84' lang='lat' dir='ltr'>loquimur,</span> <span class='ocrx_word' id='word_1_83' title='bbox 893 1389 1001 1423; x_wconf 83' lang='lat' dir='ltr'>necesse</span> <span class='ocrx_word' id='word_1_84' title='bbox 1019 1381 1069 1426; x_wconf 90' lang='lat' dir='ltr'>est.</span> <span class='ocrx_word' id='word_1_85' title='bbox 1084 1374 1110 1424; x_wconf 85' lang='lat' dir='ltr'>Is</span> <span class='ocrx_word' id='word_1_86' title='bbox 1120 1389 1216 1443; x_wconf 90' lang='lat' dir='ltr'>porro,</span> <span class='ocrx_word' id='word_1_87' title='bbox 1227 1390 1283 1443; x_wconf 90' lang='lat' dir='ltr'>quo</span> <span class='ocrx_word' id='word_1_88' title='bbox 1298 1374 1457 1442; x_wconf 78' lang='lat' dir='ltr'>generosior</span> 
     </span>
     <span class='ocr_line' id='line_1_10' title="bbox 299 1459 1458 1532; baseline 0.001 -19"><span class='ocrx_word' id='word_1_89' title='bbox 299 1460 451 1532; x_wconf 79' lang='lat' dir='ltr'>celsiorque</span> <span class='ocrx_word' id='word_1_90' title='bbox 465 1470 514 1530; x_wconf 83' lang='lat' dir='ltr'>est,</span> <span class='ocrx_word' id='word_1_91' title='bbox 528 1461 580 1513; x_wconf 84' lang='lat' dir='ltr'>lroc</span> <span class='ocrx_word' id='word_1_92' title='bbox 595 1462 745 1513; x_wconf 86' lang='lat' dir='ltr'>maioribus</span> <span class='ocrx_word' id='word_1_93' title='bbox 761 1459 833 1514; x_wconf 88' lang='lat' dir='ltr'>relut</span> <span class='ocrx_word' id='word_1_94' title='bbox 851 1461 961 1530; x_wconf 81' lang='lat' dir='ltr'>organis</span> <span class='ocrx_word' id='word_1_95' title='bbox 973 1461 1162 1513; x_wconf 85' lang='lat' dir='ltr'>commovetur</span> <span class='ocrx_word' id='word_1_96' title='bbox 1178 1478 1184 1512; x_wconf 73' lang='grc' dir='ltr'><em>τ</em></span> <span class='ocrx_word' id='word_1_97' title='bbox 1202 1459 1319 1532; x_wconf 89' lang='lat' dir='ltr'>ideoque</span> <span class='ocrx_word' id='word_1_98' title='bbox 1333 1470 1360 1512; x_wconf 92' lang='lat' dir='ltr'>et</span> <span class='ocrx_word' id='word_1_99' title='bbox 1375 1460 1458 1515; x_wconf 86' lang='lat' dir='ltr'>laude</span> 
     </span>
     <span class='ocr_line' id='line_1_11' title="bbox 300 1547 1455 1621; baseline -0.001 -18"><span class='ocrx_word' id='word_1_100' title='bbox 300 1550 406 1620; x_wconf 89' lang='lat' dir='ltr'>crescit,</span> <span class='ocrx_word' id='word_1_101' title='bbox 425 1563 451 1602; x_wconf 91' lang='lat' dir='ltr'>et</span> <span class='ocrx_word' id='word_1_102' title='bbox 465 1550 569 1621; x_wconf 91' lang='lat' dir='ltr'>impetu</span> <span class='ocrx_word' id='word_1_103' title='bbox 581 1561 705 1620; x_wconf 82' lang='lat' dir='ltr'>augetur,</span> <span class='ocrx_word' id='word_1_104' title='bbox 718 1559 744 1602; x_wconf 88' lang='lat' dir='ltr'>et</span> <span class='ocrx_word' id='word_1_105' title='bbox 754 1548 860 1620; x_wconf 82' lang='lat' dir='ltr'>aliquid</span> <span class='ocrx_word' id='word_1_106' title='bbox 875 1566 1003 1617; x_wconf 78' lang='lat' dir='ltr'>maguum</span> <span class='ocrx_word' id='word_1_107' title='bbox 1018 1565 1097 1617; x_wconf 83' lang='lat' dir='ltr'>agere</span> <span class='ocrx_word' id='word_1_108' title='bbox 1115 1547 1226 1618; x_wconf 77' lang='lat' dir='ltr'>gaudet.</span> <span class='ocrx_word' id='word_1_109' title='bbox 1256 1549 1361 1620; x_wconf 80' lang='grc' dir='ltr'>[3ι.]...</span> <span class='ocrx_word' id='word_1_110' title='bbox 1384 1550 1455 1602; x_wconf 88' lang='lat' dir='ltr'>Sane</span> 
     </span>
     <span class='ocr_line' id='line_1_12' title="bbox 299 1635 1454 1711; baseline 0 -20"><span class='ocrx_word' id='word_1_111' title='bbox 299 1639 437 1711; x_wconf 80' lang='lat' dir='ltr'>concipiat</span> <span class='ocrx_word' id='word_1_112' title='bbox 452 1639 514 1710; x_wconf 89' lang='lat' dir='ltr'>quis</span> <span class='ocrx_word' id='word_1_113' title='bbox 525 1653 614 1691; x_wconf 85' lang='lat' dir='ltr'>mente</span> <span class='ocrx_word' id='word_1_114' title='bbox 622 1638 662 1690; x_wconf 83' lang='lat' dir='ltr'>rel</span> <span class='ocrx_word' id='word_1_115' title='bbox 677 1637 855 1691; x_wconf 85' lang='lat' dir='ltr'>declamantis</span> <span class='ocrx_word' id='word_1_116' title='bbox 868 1636 1003 1706; x_wconf 86' lang='lat' dir='ltr'>habitum,</span> <span class='ocrx_word' id='word_1_117' title='bbox 1015 1635 1055 1689; x_wconf 85' lang='lat' dir='ltr'>rel</span> <span class='ocrx_word' id='word_1_118' title='bbox 1069 1639 1174 1690; x_wconf 87' lang='lat' dir='ltr'>orantis</span> <span class='ocrx_word' id='word_1_119' title='bbox 1186 1655 1290 1708; x_wconf 85' lang='lat' dir='ltr'>vocem,</span> <span class='ocrx_word' id='word_1_120' title='bbox 1306 1638 1454 1707; x_wconf 84' lang='lat' dir='ltr'>incessum,</span> 
     </span>
     <span class='ocr_line' id='line_1_13' title="bbox 302 1725 1456 1799; baseline 0.001 -20"><span class='ocrx_word' id='word_1_121' title='bbox 302 1728 570 1799; x_wconf 72' lang='lat' dir='ltr'>pronunciationem,</span> <span class='ocrx_word' id='word_1_122' title='bbox 589 1727 667 1780; x_wconf 89' lang='lat' dir='ltr'>illum</span> <span class='ocrx_word' id='word_1_123' title='bbox 680 1727 798 1798; x_wconf 81' lang='lat' dir='ltr'>denique</span> <span class='ocrx_word' id='word_1_124' title='bbox 810 1735 837 1778; x_wconf 93' lang='lat' dir='ltr'>et</span> <span class='ocrx_word' id='word_1_125' title='bbox 851 1727 936 1779; x_wconf 85' lang='lat' dir='ltr'>animi</span> <span class='ocrx_word' id='word_1_126' title='bbox 951 1735 979 1777; x_wconf 90' lang='lat' dir='ltr'>et</span> <span class='ocrx_word' id='word_1_127' title='bbox 992 1726 1117 1798; x_wconf 86' lang='lat' dir='ltr'>corperis</span> <span class='ocrx_word' id='word_1_128' title='bbox 1128 1736 1246 1794; x_wconf 89' lang='lat' dir='ltr'>motum,</span> <span class='ocrx_word' id='word_1_129' title='bbox 1262 1725 1404 1797; x_wconf 89' lang='lat' dir='ltr'>sudorem,</span> <span class='ocrx_word' id='word_1_130' title='bbox 1426 1736 1456 1780; x_wconf 92' lang='lat' dir='ltr'>ut</span> 
     </span>
     <span class='ocr_line' id='line_1_14' title="bbox 301 1813 1458 1888; baseline 0 -20"><span class='ocrx_word' id='word_1_131' title='bbox 301 1816 352 1868; x_wconf 86' lang='lat' dir='ltr'>alia</span> <span class='ocrx_word' id='word_1_132' title='bbox 367 1826 534 1888; x_wconf 75' lang='lat' dir='ltr'>preteream,</span> <span class='ocrx_word' id='word_1_133' title='bbox 557 1827 584 1869; x_wconf 92' lang='lat' dir='ltr'>et</span> <span class='ocrx_word' id='word_1_134' title='bbox 600 1816 784 1887; x_wconf 83' lang='lat' dir='ltr'>fatigationem</span> <span class='ocrx_word' id='word_1_135' title='bbox 858 1833 912 1867; x_wconf 93' lang='lat' dir='ltr'>nou</span> <span class='ocrx_word' id='word_1_136' title='bbox 927 1825 1018 1868; x_wconf 83' lang='lat' dir='ltr'>nutem</span> <span class='ocrx_word' id='word_1_137' title='bbox 1031 1824 1101 1867; x_wconf 86' lang='lat' dir='ltr'>esset</span> <span class='ocrx_word' id='word_1_138' title='bbox 1116 1815 1143 1866; x_wconf 93' lang='lat' dir='ltr'>in</span> <span class='ocrx_word' id='word_1_139' title='bbox 1166 1815 1248 1868; x_wconf 87' lang='lat' dir='ltr'>rebus</span> <span class='ocrx_word' id='word_1_140' title='bbox 1264 1814 1391 1868; x_wconf 84' lang='lat' dir='ltr'>humanis</span> <span class='ocrx_word' id='word_1_141' title='bbox 1401 1813 1458 1868; x_wconf 90' lang='lat' dir='ltr'>elo-</span> 
     </span>
     <span class='ocr_line' id='line_1_15' title="bbox 299 1902 992 1976; baseline 0.006 -22"><span class='ocrx_word' id='word_1_142' title='bbox 299 1907 420 1976; x_wconf 80' lang='lat' dir='ltr'>quentia,</span> <span class='ocrx_word' id='word_1_143' title='bbox 435 1905 458 1957; x_wconf 90' lang='lat' dir='ltr'>si</span> <span class='ocrx_word' id='word_1_144' title='bbox 473 1915 580 1958; x_wconf 84' lang='lat' dir='ltr'>tautum</span> <span class='ocrx_word' id='word_1_145' title='bbox 596 1923 659 1957; x_wconf 91' lang='lat' dir='ltr'>cum</span> <span class='ocrx_word' id='word_1_146' title='bbox 672 1904 785 1974; x_wconf 85' lang='lat' dir='ltr'>singulis</span> <span class='ocrx_word' id='word_1_147' title='bbox 805 1902 992 1975; x_wconf 83' lang='lat' dir='ltr'>loqueremur.</span> 
     </span>
    </p>
   </div>
   <div class='ocr_carea' id='block_1_3' title="bbox 397 2115 1369 2259">
    <p class='ocr_par' dir='ltr' id='par_1_3' title="bbox 397 2115 1369 2259">
     <span class='ocr_line' id='line_1_16' title="bbox 397 2115 1369 2189; baseline 0.001 -20"><span class='ocrx_word' id='word_1_148' title='bbox 397 2118 489 2169; x_wconf 76' lang='lat' dir='ltr'>Cicer</span> <span class='ocrx_word' id='word_1_149' title='bbox 506 2119 554 2168; x_wconf 83' lang='grc' dir='ltr'><strong>ΙΙΙ.</strong></span> <span class='ocrx_word' id='word_1_150' title='bbox 569 2121 629 2184; x_wconf 81' lang='lat' dir='ltr'>Qua</span> <span class='ocrx_word' id='word_1_151' title='bbox 648 2118 749 2171; x_wconf 79' lang='lat' dir='ltr'>ratione</span> <span class='ocrx_word' id='word_1_152' title='bbox 762 2119 788 2171; x_wconf 85' lang='lat' dir='ltr'>iu</span> <span class='ocrx_word' id='word_1_153' title='bbox 800 2116 886 2171; x_wconf 70' lang='lat' dir='ltr'>uariis</span> <span class='ocrx_word' id='word_1_154' title='bbox 897 2117 1005 2188; x_wconf 76' lang='lat' dir='ltr'>ingenia</span> <span class='ocrx_word' id='word_1_155' title='bbox 1017 2116 1193 2170; x_wconf 75' lang='lat' dir='ltr'>dirtoscontur</span> <span class='ocrx_word' id='word_1_156' title='bbox 1201 2125 1227 2169; x_wconf 82' lang='lat' dir='ltr'>et</span> <span class='ocrx_word' id='word_1_157' title='bbox 1239 2115 1369 2189; x_wconf 73' lang='lat' dir='ltr'>qraerrmde</span> 
     </span>
     <span class='ocr_line' id='line_1_17' title="bbox 776 2206 1001 2259; baseline 0.004 -1"><span class='ocrx_word' id='word_1_158' title='bbox 776 2206 919 2259; x_wconf 77' lang='lat' dir='ltr'>tractanda</span> <span class='ocrx_word' id='word_1_159' title='bbox 936 2206 1001 2259; x_wconf 82' lang='lat' dir='ltr'>sint.</span> 
     </span>
    </p>
   </div>
   <div class='ocr_carea' id='block_1_4' title="bbox 245 2382 1461 4230">
    <p class='ocr_par' dir='ltr' id='par_1_4' title="bbox 245 2382 1461 4032">
     <span class='ocr_line' id='line_1_18' title="bbox 337 2382 1456 2457; baseline 0 -21"><span class='ocrx_word' id='word_1_160' title='bbox 337 2384 398 2455; x_wconf 72' lang='lat' dir='ltr'>[HL</span> <span class='ocrx_word' id='word_1_161' title='bbox 419 2384 453 2454; x_wconf 90' lang='lat'>1.]</span> <span class='ocrx_word' id='word_1_162' title='bbox 472 2383 585 2436; x_wconf 79' lang='lat' dir='ltr'>Tradite</span> <span class='ocrx_word' id='word_1_163' title='bbox 600 2385 651 2437; x_wconf 75' lang='lat' dir='ltr'>sini</span> <span class='ocrx_word' id='word_1_164' title='bbox 667 2402 767 2456; x_wconf 90' lang='lat' dir='ltr'>puero,</span> <span class='ocrx_word' id='word_1_165' title='bbox 785 2382 900 2437; x_wconf 88' lang='lat' dir='ltr'>docendi</span> <span class='ocrx_word' id='word_1_166' title='bbox 914 2386 1019 2457; x_wconf 88' lang='lat' dir='ltr'>peritus</span> <span class='ocrx_word' id='word_1_167' title='bbox 1033 2384 1171 2454; x_wconf 82' lang='lat' dir='ltr'>ingenium</span> <span class='ocrx_word' id='word_1_168' title='bbox 1182 2384 1241 2436; x_wconf 88' lang='lat' dir='ltr'>eius</span> <span class='ocrx_word' id='word_1_169' title='bbox 1255 2383 1284 2434; x_wconf 94' lang='lat' dir='ltr'>in</span> <span class='ocrx_word' id='word_1_170' title='bbox 1299 2383 1456 2454; x_wconf 86' lang='lat' dir='ltr'>primisna·</span> 
     </span>
     <span class='ocr_line' id='line_1_19' title="bbox 300 2468 1456 2546; baseline 0 -22"><span class='ocrx_word' id='word_1_171' title='bbox 300 2482 445 2544; x_wconf 85' lang='lat' dir='ltr'>turamquc</span> <span class='ocrx_word' id='word_1_172' title='bbox 460 2474 615 2544; x_wconf 80' lang='lat' dir='ltr'>perspiciet.</span> <span class='ocrx_word' id='word_1_173' title='bbox 628 2473 732 2543; x_wconf 83' lang='lat' dir='ltr'>ingenii</span> <span class='ocrx_word' id='word_1_174' title='bbox 746 2473 853 2542; x_wconf 84' lang='lat' dir='ltr'>signum</span> <span class='ocrx_word' id='word_1_175' title='bbox 865 2468 892 2525; x_wconf 89' lang='lat' dir='ltr'>in</span> <span class='ocrx_word' id='word_1_176' title='bbox 902 2473 993 2546; x_wconf 84' lang='lat' dir='ltr'>parvis</span> <span class='ocrx_word' id='word_1_177' title='bbox 1001 2474 1173 2545; x_wconf 84' lang='lat' dir='ltr'>praecipuum</span> <span class='ocrx_word' id='word_1_178' title='bbox 1183 2473 1314 2525; x_wconf 85' lang='lat' dir='ltr'>memoria</span> <span class='ocrx_word' id='word_1_179' title='bbox 1328 2481 1377 2528; x_wconf 84' lang='lat' dir='ltr'>est.</span> <span class='ocrx_word' id='word_1_180' title='bbox 1390 2473 1456 2525; x_wconf 77' lang='lat' dir='ltr'>Eius</span> 
     </span>
     <span class='ocr_line' id='line_1_20' title="bbox 245 2560 1455 2634; baseline 0.001 -22"><span class='ocrx_word' id='word_1_181' title='bbox 245 2627 247 2632; x_wconf 27' lang='grc' dir='ltr'>Ι</span> <span class='ocrx_word' id='word_1_182' title='bbox 299 2560 401 2634; x_wconf 80' lang='lat' dir='ltr'>duplex</span> <span class='ocrx_word' id='word_1_183' title='bbox 416 2563 510 2631; x_wconf 83' lang='lat' dir='ltr'>virtus,</span> <span class='ocrx_word' id='word_1_184' title='bbox 529 2560 607 2614; x_wconf 82' lang='lat' dir='ltr'>facile</span> <span class='ocrx_word' id='word_1_185' title='bbox 622 2563 773 2634; x_wconf 82' lang='lat' dir='ltr'>percipere,</span> <span class='ocrx_word' id='word_1_186' title='bbox 789 2572 815 2614; x_wconf 83' lang='lat' dir='ltr'>et</span> <span class='ocrx_word' id='word_1_187' title='bbox 831 2560 948 2615; x_wconf 81' lang='lat' dir='ltr'>fideliter</span> <span class='ocrx_word' id='word_1_188' title='bbox 966 2562 1117 2614; x_wconf 85' lang='lat' dir='ltr'>continere.</span> <span class='ocrx_word' id='word_1_189' title='bbox 1135 2561 1294 2614; x_wconf 81' lang='lat' dir='ltr'>Proximum</span> <span class='ocrx_word' id='word_1_190' title='bbox 1314 2560 1455 2613; x_wconf 87' lang='lat' dir='ltr'>imitatio:</span> 
     </span>
     <span class='ocr_line' id='line_1_21' title="bbox 301 2647 1456 2722; baseline 0 -20"><span class='ocrx_word' id='word_1_191' title='bbox 301 2668 362 2702; x_wconf 78' lang='lat' dir='ltr'>iram</span> <span class='ocrx_word' id='word_1_192' title='bbox 379 2649 406 2703; x_wconf 87' lang='lat' dir='ltr'>id</span> <span class='ocrx_word' id='word_1_193' title='bbox 421 2668 533 2722; x_wconf 81' lang='lat' dir='ltr'>quoque</span> <span class='ocrx_word' id='word_1_194' title='bbox 547 2661 586 2702; x_wconf 79' lang='lat' dir='ltr'>est</span> <span class='ocrx_word' id='word_1_195' title='bbox 599 2649 696 2703; x_wconf 89' lang='lat' dir='ltr'>docilis</span> <span class='ocrx_word' id='word_1_196' title='bbox 711 2661 824 2719; x_wconf 66' lang='lat' dir='ltr'>naturae,</span> <span class='ocrx_word' id='word_1_197' title='bbox 841 2651 879 2702; x_wconf 85' lang='lat' dir='ltr'>sic</span> <span class='ocrx_word' id='word_1_198' title='bbox 894 2660 985 2703; x_wconf 87' lang='lat' dir='ltr'>tamen</span> <span class='ocrx_word' id='word_1_199' title='bbox 999 2661 1029 2703; x_wconf 91' lang='lat' dir='ltr'>ut</span> <span class='ocrx_word' id='word_1_200' title='bbox 1041 2668 1081 2715; x_wconf 85' lang='lat' dir='ltr'>ea,</span> <span class='ocrx_word' id='word_1_201' title='bbox 1089 2667 1151 2721; x_wconf 84' lang='lat' dir='ltr'>quoe</span> <span class='ocrx_word' id='word_1_202' title='bbox 1162 2648 1253 2719; x_wconf 92' lang='lat' dir='ltr'>discit,</span> <span class='ocrx_word' id='word_1_203' title='bbox 1265 2647 1384 2719; x_wconf 78' lang='lat' dir='ltr'>effingat,</span> <span class='ocrx_word' id='word_1_204' title='bbox 1400 2667 1456 2702; x_wconf 91' lang='lat' dir='ltr'>non</span> 
     </span>
     <span class='ocr_line' id='line_1_22' title="bbox 301 2736 1457 2810; baseline -0.002 -18"><span class='ocrx_word' id='word_1_205' title='bbox 301 2739 423 2793; x_wconf 83' lang='lat' dir='ltr'>habiturn</span> <span class='ocrx_word' id='word_1_206' title='bbox 440 2738 510 2792; x_wconf 87' lang='lat' dir='ltr'>sorte</span> <span class='ocrx_word' id='word_1_207' title='bbox 525 2750 551 2792; x_wconf 88' lang='lat' dir='ltr'>ct</span> <span class='ocrx_word' id='word_1_208' title='bbox 567 2741 727 2808; x_wconf 82' lang='lat' dir='ltr'>ingressum,</span> <span class='ocrx_word' id='word_1_209' title='bbox 744 2749 771 2791; x_wconf 94' lang='lat' dir='ltr'>et</span> <span class='ocrx_word' id='word_1_210' title='bbox 786 2740 806 2791; x_wconf 92' lang='lat' dir='ltr'>si</span> <span class='ocrx_word' id='word_1_211' title='bbox 822 2737 889 2810; x_wconf 87' lang='lat' dir='ltr'>quid</span> <span class='ocrx_word' id='word_1_212' title='bbox 902 2740 929 2791; x_wconf 92' lang='lat' dir='ltr'>in</span> <span class='ocrx_word' id='word_1_213' title='bbox 945 2739 1022 2809; x_wconf 88' lang='lat' dir='ltr'>peius</span> <span class='ocrx_word' id='word_1_214' title='bbox 1036 2737 1157 2791; x_wconf 88' lang='lat' dir='ltr'>notabile</span> <span class='ocrx_word' id='word_1_215' title='bbox 1171 2748 1219 2791; x_wconf 87' lang='lat' dir='ltr'>est.</span> <span class='ocrx_word' id='word_1_216' title='bbox 1241 2738 1291 2808; x_wconf 66' lang='lat' dir='ltr'>[m]</span> <span class='ocrx_word' id='word_1_217' title='bbox 1302 2738 1364 2791; x_wconf 74' lang='lat' dir='ltr'>Non</span> <span class='ocrx_word' id='word_1_218' title='bbox 1380 2736 1457 2791; x_wconf 84' lang='lat' dir='ltr'>dabit</span> 
     </span>
     <span class='ocr_line' id='line_1_23' title="bbox 301 2825 1456 2900; baseline -0.001 -20"><span class='ocrx_word' id='word_1_219' title='bbox 301 2828 366 2880; x_wconf 79' lang='lat' dir='ltr'>mitt</span> <span class='ocrx_word' id='word_1_220' title='bbox 383 2845 457 2899; x_wconf 91' lang='lat' dir='ltr'>spem</span> <span class='ocrx_word' id='word_1_221' title='bbox 483 2829 561 2879; x_wconf 80' lang='lat' dir='ltr'>bonae</span> <span class='ocrx_word' id='word_1_222' title='bbox 576 2827 686 2896; x_wconf 89' lang='lat' dir='ltr'>indolis,</span> <span class='ocrx_word' id='word_1_223' title='bbox 703 2829 751 2898; x_wconf 87' lang='lat' dir='ltr'>qui</span> <span class='ocrx_word' id='word_1_224' title='bbox 766 2828 818 2881; x_wconf 81' lang='lat' dir='ltr'>lroc</span> <span class='ocrx_word' id='word_1_225' title='bbox 840 2825 965 2880; x_wconf 91' lang='lat' dir='ltr'>imitandi</span> <span class='ocrx_word' id='word_1_226' title='bbox 983 2826 1076 2880; x_wconf 90' lang='lat' dir='ltr'>studio</span> <span class='ocrx_word' id='word_1_227' title='bbox 1089 2837 1163 2900; x_wconf 86' lang='lat' dir='ltr'>petet</span> <span class='ocrx_word' id='word_1_228' title='bbox 1179 2836 1210 2879; x_wconf 90' lang='lat' dir='ltr'>ut</span> <span class='ocrx_word' id='word_1_229' title='bbox 1227 2825 1358 2882; x_wconf 80' lang='lat' dir='ltr'>rideatur.</span> <span class='ocrx_word' id='word_1_230' title='bbox 1388 2827 1456 2879; x_wconf 78' lang='lat' dir='ltr'>Nasu</span> 
     </span>
     <span class='ocr_line' id='line_1_24' title="bbox 301 2912 1461 2989; baseline 0 -21"><span class='ocrx_word' id='word_1_231' title='bbox 301 2918 405 2988; x_wconf 89' lang='lat' dir='ltr'>probus</span> <span class='ocrx_word' id='word_1_232' title='bbox 419 2919 564 2987; x_wconf 86' lang='lat' dir='ltr'>quequein</span> <span class='ocrx_word' id='word_1_233' title='bbox 578 2918 674 2989; x_wconf 90' lang='lat' dir='ltr'>primis</span> <span class='ocrx_word' id='word_1_234' title='bbox 688 2918 741 2969; x_wconf 85' lang='lat' dir='ltr'>erit</span> <span class='ocrx_word' id='word_1_235' title='bbox 756 2914 801 2969; x_wconf 89' lang='lat' dir='ltr'>ille</span> <span class='ocrx_word' id='word_1_236' title='bbox 817 2935 880 2969; x_wconf 82' lang='lat' dir='ltr'>vero</span> <span class='ocrx_word' id='word_1_237' title='bbox 893 2917 1052 2986; x_wconf 85' lang='lat' dir='ltr'>ingeniosus</span> <span class='ocrx_word' id='word_1_238' title='bbox 1070 2934 1076 2967; x_wconf 79' lang='lat' dir='ltr'><em>z</em></span> <span class='ocrx_word' id='word_1_239' title='bbox 1092 2915 1215 2986; x_wconf 87' lang='lat' dir='ltr'>alioquin</span> <span class='ocrx_word' id='word_1_240' title='bbox 1227 2932 1282 2967; x_wconf 94' lang='lat' dir='ltr'>non</span> <span class='ocrx_word' id='word_1_241' title='bbox 1295 2916 1373 2987; x_wconf 88' lang='lat' dir='ltr'>peius</span> <span class='ocrx_word' id='word_1_242' title='bbox 1384 2912 1461 2968; x_wconf 84' lang='lat' dir='ltr'>dixe·</span> 
     </span>
     <span class='ocr_line' id='line_1_25' title="bbox 302 3002 1458 3077; baseline 0 -20"><span class='ocrx_word' id='word_1_243' title='bbox 302 3007 352 3057; x_wconf 88' lang='lat' dir='ltr'>rim</span> <span class='ocrx_word' id='word_1_244' title='bbox 367 3004 439 3058; x_wconf 90' lang='lat' dir='ltr'>tardi</span> <span class='ocrx_word' id='word_1_245' title='bbox 457 3024 515 3058; x_wconf 85' lang='lat' dir='ltr'>esse</span> <span class='ocrx_word' id='word_1_246' title='bbox 532 3007 645 3076; x_wconf 79' lang='lat' dir='ltr'>ingenii,</span> <span class='ocrx_word' id='word_1_247' title='bbox 663 3023 746 3077; x_wconf 88' lang='lat' dir='ltr'>quam</span> <span class='ocrx_word' id='word_1_248' title='bbox 771 3004 845 3058; x_wconf 86' lang='lat' dir='ltr'>mali.</span> <span class='ocrx_word' id='word_1_249' title='bbox 862 3004 969 3058; x_wconf 84' lang='lat' dir='ltr'>Probus</span> <span class='ocrx_word' id='word_1_250' title='bbox 982 3014 1075 3057; x_wconf 88' lang='lat' dir='ltr'>autem</span> <span class='ocrx_word' id='word_1_251' title='bbox 1091 3003 1125 3056; x_wconf 89' lang='lat' dir='ltr'>ab</span> <span class='ocrx_word' id='word_1_252' title='bbox 1148 3002 1196 3056; x_wconf 91' lang='lat' dir='ltr'>ille</span> <span class='ocrx_word' id='word_1_253' title='bbox 1217 3004 1291 3074; x_wconf 83' lang='lat' dir='ltr'>segni</span> <span class='ocrx_word' id='word_1_254' title='bbox 1308 3014 1335 3056; x_wconf 91' lang='lat' dir='ltr'>et</span> <span class='ocrx_word' id='word_1_255' title='bbox 1352 3004 1458 3057; x_wconf 87' lang='lat' dir='ltr'>iacente</span> 
     </span>
     <span class='ocr_line' id='line_1_26' title="bbox 301 3090 1459 3167; baseline -0.003 -20"><span class='ocrx_word' id='word_1_256' title='bbox 301 3093 451 3167; x_wconf 90' lang='lat' dir='ltr'>plurimum</span> <span class='ocrx_word' id='word_1_257' title='bbox 459 3095 557 3150; x_wconf 85' lang='lat' dir='ltr'>aberit.</span> <span class='ocrx_word' id='word_1_258' title='bbox 573 3096 620 3166; x_wconf 83' lang='lat'><strong>[3.]</strong></span> <span class='ocrx_word' id='word_1_259' title='bbox 632 3097 684 3148; x_wconf 89' lang='lat' dir='ltr'>Hic</span> <span class='ocrx_word' id='word_1_260' title='bbox 694 3112 770 3147; x_wconf 87' lang='lat' dir='ltr'>meus</span> <span class='ocrx_word' id='word_1_261' title='bbox 782 3112 842 3166; x_wconf 82' lang='lat' dir='ltr'>quae</span> <span class='ocrx_word' id='word_1_262' title='bbox 850 3093 992 3147; x_wconf 86' lang='lat' dir='ltr'>tradentur</span> <span class='ocrx_word' id='word_1_263' title='bbox 1003 3112 1057 3146; x_wconf 90' lang='lat' dir='ltr'>neu</span> <span class='ocrx_word' id='word_1_264' title='bbox 1074 3090 1224 3145; x_wconf 85' lang='lat' dir='ltr'>difficulter</span> <span class='ocrx_word' id='word_1_265' title='bbox 1235 3092 1365 3163; x_wconf 79' lang='lat' dir='ltr'>accipiet3</span> <span class='ocrx_word' id='word_1_266' title='bbox 1381 3109 1459 3164; x_wconf 77' lang='lat' dir='ltr'>qure-</span> 
     </span>
     <span class='ocr_line' id='line_1_27' title="bbox 301 3179 1458 3255; baseline -0.001 -20"><span class='ocrx_word' id='word_1_267' title='bbox 301 3183 454 3237; x_wconf 88' lang='lat' dir='ltr'>damctiam</span> <span class='ocrx_word' id='word_1_268' title='bbox 471 3184 665 3255; x_wconf 65' lang='lat' dir='ltr'>interrogabit,</span> <span class='ocrx_word' id='word_1_269' title='bbox 678 3194 808 3255; x_wconf 79' lang='lat' dir='ltr'>sequetur</span> <span class='ocrx_word' id='word_1_270' title='bbox 822 3194 911 3236; x_wconf 86' lang='lat' dir='ltr'>tamen</span> <span class='ocrx_word' id='word_1_271' title='bbox 930 3183 1013 3252; x_wconf 78' lang='lat' dir='ltr'>magis</span> <span class='ocrx_word' id='word_1_272' title='bbox 1034 3199 1115 3253; x_wconf 84' lang='lat' dir='ltr'>quam</span> <span class='ocrx_word' id='word_1_273' title='bbox 1138 3191 1296 3252; x_wconf 64' lang='lat' dir='ltr'>praecurret.</span> <span class='ocrx_word' id='word_1_274' title='bbox 1319 3179 1392 3233; x_wconf 85' lang='lat' dir='ltr'>Illud</span> <span class='ocrx_word' id='word_1_275' title='bbox 1413 3181 1458 3234; x_wconf 91' lang='lat' dir='ltr'>in-</span> 
     </span>
     <span class='ocr_line' id='line_1_28' title="bbox 301 3268 1455 3345; baseline 0 -21"><span class='ocrx_word' id='word_1_276' title='bbox 301 3273 442 3341; x_wconf 79' lang='lat' dir='ltr'>geniorum</span> <span class='ocrx_word' id='word_1_277' title='bbox 457 3272 529 3326; x_wconf 77' lang='lat' dir='ltr'>velut</span> <span class='ocrx_word' id='word_1_278' title='bbox 543 3291 721 3345; x_wconf 70' lang='lat' dir='ltr'>pra-coquum</span> <span class='ocrx_word' id='word_1_279' title='bbox 736 3290 822 3342; x_wconf 81' lang='lat' dir='ltr'>genus</span> <span class='ocrx_word' id='word_1_280' title='bbox 834 3288 888 3323; x_wconf 94' lang='lat' dir='ltr'>non</span> <span class='ocrx_word' id='word_1_281' title='bbox 900 3281 1000 3323; x_wconf 87' lang='lat' dir='ltr'>temere</span> <span class='ocrx_word' id='word_1_282' title='bbox 1017 3287 1139 3340; x_wconf 77' lang='lat' dir='ltr'>uuquam</span> <span class='ocrx_word' id='word_1_283' title='bbox 1155 3268 1324 3341; x_wconf 83' lang='lat' dir='ltr'>pervenitad</span> <span class='ocrx_word' id='word_1_284' title='bbox 1341 3268 1455 3339; x_wconf 77' lang='lat' dir='ltr'>frugem.</span> 
     </span>
     <span class='ocr_line' id='line_1_29' title="bbox 303 3356 1458 3433; baseline -0.001 -22"><span class='ocrx_word' id='word_1_285' title='bbox 303 3361 352 3431; x_wconf 88' lang='lat'>[..5]</span> <span class='ocrx_word' id='word_1_286' title='bbox 370 3363 403 3412; x_wconf 89' lang='lat' dir='ltr'>Hi</span> <span class='ocrx_word' id='word_1_287' title='bbox 423 3373 485 3414; x_wconf 89' lang='lat' dir='ltr'>sunt</span> <span class='ocrx_word' id='word_1_288' title='bbox 501 3364 548 3432; x_wconf 85' lang='lat' dir='ltr'>qui</span> <span class='ocrx_word' id='word_1_289' title='bbox 569 3380 649 3433; x_wconf 86' lang='lat' dir='ltr'>parra</span> <span class='ocrx_word' id='word_1_290' title='bbox 668 3362 745 3415; x_wconf 84' lang='lat' dir='ltr'>facile</span> <span class='ocrx_word' id='word_1_291' title='bbox 767 3361 885 3427; x_wconf 71' lang='lat' dir='ltr'>sacient,</span> <span class='ocrx_word' id='word_1_292' title='bbox 906 3370 934 3412; x_wconf 90' lang='lat' dir='ltr'>ct</span> <span class='ocrx_word' id='word_1_293' title='bbox 952 3357 1065 3411; x_wconf 86' lang='lat' dir='ltr'>audacia</span> <span class='ocrx_word' id='word_1_294' title='bbox 1084 3359 1216 3431; x_wconf 76' lang='lat' dir='ltr'>prouecti,</span> <span class='ocrx_word' id='word_1_295' title='bbox 1233 3357 1367 3429; x_wconf 85' lang='lat' dir='ltr'>quicquid</span> <span class='ocrx_word' id='word_1_296' title='bbox 1389 3356 1458 3411; x_wconf 89' lang='lat' dir='ltr'>illud</span> 
     </span>
     <span class='ocr_line' id='line_1_30' title="bbox 302 3443 1458 3519; baseline 0 -20"><span class='ocrx_word' id='word_1_297' title='bbox 302 3460 426 3518; x_wconf 85' lang='lat' dir='ltr'>possunt,</span> <span class='ocrx_word' id='word_1_298' title='bbox 438 3451 528 3501; x_wconf 85' lang='lat' dir='ltr'>statim</span> <span class='ocrx_word' id='word_1_299' title='bbox 541 3450 698 3503; x_wconf 89' lang='lat' dir='ltr'>ostendunt.</span> <span class='ocrx_word' id='word_1_300' title='bbox 720 3453 837 3503; x_wconf 81' lang='lat' dir='ltr'>Possunt</span> <span class='ocrx_word' id='word_1_301' title='bbox 850 3448 877 3501; x_wconf 89' lang='lat' dir='ltr'>id</span> <span class='ocrx_word' id='word_1_302' title='bbox 891 3448 1002 3502; x_wconf 87' lang='lat' dir='ltr'>demum</span> <span class='ocrx_word' id='word_1_303' title='bbox 1017 3446 1092 3519; x_wconf 87' lang='lat' dir='ltr'>quod</span> <span class='ocrx_word' id='word_1_304' title='bbox 1108 3448 1136 3499; x_wconf 90' lang='lat' dir='ltr'>in</span> <span class='ocrx_word' id='word_1_305' title='bbox 1151 3448 1278 3518; x_wconf 88' lang='lat' dir='ltr'>proximo</span> <span class='ocrx_word' id='word_1_306' title='bbox 1292 3456 1332 3498; x_wconf 92' lang='lat' dir='ltr'>est</span> <span class='ocrx_word' id='word_1_307' title='bbox 1346 3465 1353 3499; x_wconf 90' lang='lat'>:</span> <span class='ocrx_word' id='word_1_308' title='bbox 1376 3443 1458 3500; x_wconf 85' lang='lat' dir='ltr'>rerba</span> 
     </span>
     <span class='ocr_line' id='line_1_31' title="bbox 304 3533 1459 3607; baseline 0.001 -20"><span class='ocrx_word' id='word_1_309' title='bbox 304 3536 481 3597; x_wconf 87' lang='lat' dir='ltr'>continuant‚·</span> <span class='ocrx_word' id='word_1_310' title='bbox 497 3537 552 3588; x_wconf 75' lang='lat' dir='ltr'>inec</span> <span class='ocrx_word' id='word_1_311' title='bbox 565 3536 645 3590; x_wconf 90' lang='lat' dir='ltr'>vultu</span> <span class='ocrx_word' id='word_1_312' title='bbox 660 3538 796 3607; x_wconf 89' lang='lat' dir='ltr'>interrito,</span> <span class='ocrx_word' id='word_1_313' title='bbox 810 3536 885 3590; x_wconf 87' lang='lat' dir='ltr'>nulla</span> <span class='ocrx_word' id='word_1_314' title='bbox 905 3535 1004 3590; x_wconf 88' lang='lat' dir='ltr'>tardati</span> <span class='ocrx_word' id='word_1_315' title='bbox 1026 3535 1202 3602; x_wconf 87' lang='lat' dir='ltr'>verecundia,</span> <span class='ocrx_word' id='word_1_316' title='bbox 1217 3533 1374 3607; x_wconf 83' lang='lat' dir='ltr'>proferunt.</span> <span class='ocrx_word' id='word_1_317' title='bbox 1396 3536 1459 3588; x_wconf 83' lang='lat' dir='ltr'>Non</span> 
     </span>
     <span class='ocr_line' id='line_1_32' title="bbox 303 3621 1460 3698; baseline 0.003 -24"><span class='ocrx_word' id='word_1_318' title='bbox 303 3621 420 3676; x_wconf 90' lang='lat' dir='ltr'>multum</span> <span class='ocrx_word' id='word_1_319' title='bbox 439 3633 578 3695; x_wconf 79' lang='lat' dir='ltr'>praestant,</span> <span class='ocrx_word' id='word_1_320' title='bbox 598 3623 645 3677; x_wconf 91' lang='lat' dir='ltr'>sed</span> <span class='ocrx_word' id='word_1_321' title='bbox 656 3626 722 3680; x_wconf 90' lang='lat' dir='ltr'>cite.</span> <span class='ocrx_word' id='word_1_322' title='bbox 734 3625 783 3696; x_wconf 85' lang='lat'><strong>[5.]</strong></span> <span class='ocrx_word' id='word_1_323' title='bbox 800 3626 861 3679; x_wconf 76' lang='lat' dir='ltr'>Non</span> <span class='ocrx_word' id='word_1_324' title='bbox 875 3624 968 3678; x_wconf 91' lang='lat' dir='ltr'>subest</span> <span class='ocrx_word' id='word_1_325' title='bbox 983 3642 1045 3678; x_wconf 81' lang='lat' dir='ltr'>vera</span> <span class='ocrx_word' id='word_1_326' title='bbox 1059 3626 1107 3690; x_wconf 87' lang='lat' dir='ltr'>ris,</span> <span class='ocrx_word' id='word_1_327' title='bbox 1123 3643 1173 3677; x_wconf 93' lang='lat' dir='ltr'>nec</span> <span class='ocrx_word' id='word_1_328' title='bbox 1195 3626 1306 3698; x_wconf 87' lang='lat' dir='ltr'>penitus</span> <span class='ocrx_word' id='word_1_329' title='bbox 1329 3623 1460 3677; x_wconf 86' lang='lat' dir='ltr'>immissis</span> 
     </span>
     <span class='ocr_line' id='line_1_33' title="bbox 303 3710 1459 3787; baseline 0.001 -23"><span class='ocrx_word' id='word_1_330' title='bbox 303 3710 443 3764; x_wconf 84' lang='lat' dir='ltr'>radicibus</span> <span class='ocrx_word' id='word_1_331' title='bbox 469 3713 588 3767; x_wconf 89' lang='lat' dir='ltr'>nititur:</span> <span class='ocrx_word' id='word_1_332' title='bbox 607 3723 645 3783; x_wconf 90' lang='lat' dir='ltr'>ut,</span> <span class='ocrx_word' id='word_1_333' title='bbox 663 3732 724 3786; x_wconf 83' lang='lat' dir='ltr'>qum</span> <span class='ocrx_word' id='word_1_334' title='bbox 745 3732 854 3768; x_wconf 91' lang='lat' dir='ltr'>summo</span> <span class='ocrx_word' id='word_1_335' title='bbox 868 3713 926 3767; x_wconf 83' lang='lat' dir='ltr'>sole</span> <span class='ocrx_word' id='word_1_336' title='bbox 951 3730 1042 3787; x_wconf 88' lang='lat' dir='ltr'>sparsa</span> <span class='ocrx_word' id='word_1_337' title='bbox 1065 3723 1129 3766; x_wconf 91' lang='lat' dir='ltr'>sunt</span> <span class='ocrx_word' id='word_1_338' title='bbox 1150 3713 1270 3784; x_wconf 90' lang='lat' dir='ltr'>semina,</span> <span class='ocrx_word' id='word_1_339' title='bbox 1290 3711 1406 3766; x_wconf 88' lang='lat' dir='ltr'>celerius</span> <span class='ocrx_word' id='word_1_340' title='bbox 1430 3729 1459 3765; x_wconf 84' lang='lat' dir='ltr'>se</span> 
     </span>
     <span class='ocr_line' id='line_1_34' title="bbox 302 3798 1458 3875; baseline 0.001 -22"><span class='ocrx_word' id='word_1_341' title='bbox 302 3798 465 3871; x_wconf 73' lang='lat' dir='ltr'>effundunt,</span> <span class='ocrx_word' id='word_1_342' title='bbox 495 3813 521 3855; x_wconf 91' lang='lat' dir='ltr'>et</span> <span class='ocrx_word' id='word_1_343' title='bbox 554 3804 666 3858; x_wconf 75' lang='lat' dir='ltr'>imitatae</span> <span class='ocrx_word' id='word_1_344' title='bbox 697 3804 785 3875; x_wconf 86' lang='lat' dir='ltr'>spicas</span> <span class='ocrx_word' id='word_1_345' title='bbox 810 3802 945 3873; x_wconf 77' lang='lat' dir='ltr'>herbulae,</span> <span class='ocrx_word' id='word_1_346' title='bbox 975 3803 1103 3855; x_wconf 87' lang='lat' dir='ltr'>inanibus</span> <span class='ocrx_word' id='word_1_347' title='bbox 1133 3803 1223 3854; x_wconf 87' lang='lat' dir='ltr'>aristis</span> <span class='ocrx_word' id='word_1_348' title='bbox 1250 3811 1313 3854; x_wconf 88' lang='lat' dir='ltr'>ante</span> <span class='ocrx_word' id='word_1_349' title='bbox 1344 3818 1458 3854; x_wconf 84' lang='lat' dir='ltr'>messem</span> 
     </span>
     <span class='ocr_line' id='line_1_35' title="bbox 303 3889 1458 3964; baseline 0 -22"><span class='ocrx_word' id='word_1_350' title='bbox 303 3891 458 3945; x_wconf 83' lang='lat' dir='ltr'>llarescunt.</span> <span class='ocrx_word' id='word_1_351' title='bbox 480 3891 588 3946; x_wconf 87' lang='lat' dir='ltr'>Placent</span> <span class='ocrx_word' id='word_1_352' title='bbox 610 3892 755 3946; x_wconf 81' lang='lat' dir='ltr'>hrecannis</span> <span class='ocrx_word' id='word_1_353' title='bbox 772 3903 945 3964; x_wconf 72' lang='lat' dir='ltr'>comparata,</span> <span class='ocrx_word' id='word_1_354' title='bbox 961 3890 1060 3944; x_wconf 89' lang='lat' dir='ltr'>deinde</span> <span class='ocrx_word' id='word_1_355' title='bbox 1077 3900 1129 3943; x_wconf 89' lang='lat' dir='ltr'>stat</span> <span class='ocrx_word' id='word_1_356' title='bbox 1142 3890 1294 3963; x_wconf 81' lang='lat' dir='ltr'>prefectus,</span> <span class='ocrx_word' id='word_1_357' title='bbox 1310 3889 1458 3943; x_wconf 85' lang='lat' dir='ltr'>admiratio</span> 
     </span>
     <span class='ocr_line' id='line_1_36' title="bbox 303 3977 444 4032; baseline 0.014 -3"><span class='ocrx_word' id='word_1_358' title='bbox 303 3977 444 4032; x_wconf 87' lang='lat' dir='ltr'>decrescit.</span> 
     </span>
    </p>

    <p class='ocr_par' dir='ltr' id='par_1_5' title="bbox 304 4067 1456 4230">
     <span class='ocr_line' id='line_1_37' title="bbox 337 4067 1456 4142; baseline -0.001 -21"><span class='ocrx_word' id='word_1_359' title='bbox 337 4069 387 4139; x_wconf 83' lang='grc'>[6.]</span> <span class='ocrx_word' id='word_1_360' title='bbox 404 4070 467 4121; x_wconf 70' lang='lat' dir='ltr'>Huc</span> <span class='ocrx_word' id='word_1_361' title='bbox 477 4087 539 4121; x_wconf 88' lang='lat' dir='ltr'>cum</span> <span class='ocrx_word' id='word_1_362' title='bbox 552 4068 667 4123; x_wconf 84' lang='lat' dir='ltr'>docendi</span> <span class='ocrx_word' id='word_1_363' title='bbox 680 4073 783 4142; x_wconf 88' lang='lat' dir='ltr'>peritus</span> <span class='ocrx_word' id='word_1_364' title='bbox 792 4069 1022 4138; x_wconf 81' lang='lat' dir='ltr'>animadverterit,</span> <span class='ocrx_word' id='word_1_365' title='bbox 1037 4069 1184 4142; x_wconf 87' lang='lat' dir='ltr'>prospiciat</span> <span class='ocrx_word' id='word_1_366' title='bbox 1192 4067 1321 4141; x_wconf 90' lang='lat' dir='ltr'>deinceps</span> <span class='ocrx_word' id='word_1_367' title='bbox 1333 4084 1456 4139; x_wconf 83' lang='lat' dir='ltr'>quonam</span> 
     </span>
     <span class='ocr_line' id='line_1_38' title="bbox 304 4157 1455 4230; baseline -0.001 -21"><span class='ocrx_word' id='word_1_368' title='bbox 304 4157 385 4210; x_wconf 89' lang='lat' dir='ltr'>modo</span> <span class='ocrx_word' id='word_1_369' title='bbox 398 4157 554 4212; x_wconf 79' lang='lat' dir='ltr'>tractandus</span> <span class='ocrx_word' id='word_1_370' title='bbox 566 4161 599 4211; x_wconf 87' lang='lat' dir='ltr'>sit</span> <span class='ocrx_word' id='word_1_371' title='bbox 615 4159 743 4213; x_wconf 89' lang='lat' dir='ltr'>discentis</span> <span class='ocrx_word' id='word_1_372' title='bbox 757 4160 874 4214; x_wconf 87' lang='lat' dir='ltr'>animus.</span> <span class='ocrx_word' id='word_1_373' title='bbox 890 4160 959 4212; x_wconf 88' lang='lat' dir='ltr'>Sunt</span> <span class='ocrx_word' id='word_1_374' title='bbox 974 4157 1096 4230; x_wconf 88' lang='lat' dir='ltr'>quidam,</span> <span class='ocrx_word' id='word_1_375' title='bbox 1111 4159 1160 4211; x_wconf 88' lang='lat' dir='ltr'>nisi</span> <span class='ocrx_word' id='word_1_376' title='bbox 1178 4157 1319 4229; x_wconf 87' lang='lat' dir='ltr'>institeris,</span> <span class='ocrx_word' id='word_1_377' title='bbox 1336 4157 1455 4224; x_wconf 79' lang='lat' dir='ltr'>remissi3</span> 
     </span>
    </p>
   </div>
   <div class='ocr_carea' id='block_1_5' title="bbox 303 4333 1454 4555">
    <p class='ocr_par' dir='ltr' id='par_1_6' title="bbox 303 4333 1454 4555">
     <span class='ocr_line' id='line_1_39' title="bbox 303 4333 1454 4406; baseline -0.001 -22"><span class='ocrx_word' id='word_1_378' title='bbox 303 4335 399 4402; x_wconf 86' lang='lat' dir='ltr'>points;</span> <span class='ocrx_word' id='word_1_379' title='bbox 411 4337 492 4402; x_wconf 88' lang='lat' dir='ltr'>quand</span> <span class='ocrx_word' id='word_1_380' title='bbox 505 4355 536 4387; x_wconf 91' lang='lat' dir='ltr'>un</span> <span class='ocrx_word' id='word_1_381' title='bbox 546 4338 603 4404; x_wconf 82' lang='lat' dir='ltr'>§est</span> <span class='ocrx_word' id='word_1_382' title='bbox 615 4338 754 4406; x_wconf 82' lang='lat' dir='ltr'>incomplct‚</span> <span class='ocrx_word' id='word_1_383' title='bbox 768 4338 814 4389; x_wconf 89' lang='lat' dir='ltr'>seit</span> <span class='ocrx_word' id='word_1_384' title='bbox 826 4354 857 4388; x_wconf 82' lang='lat' dir='ltr'>au</span> <span class='ocrx_word' id='word_1_385' title='bbox 897 4336 1003 4387; x_wconf 89' lang='lat' dir='ltr'>dication</span> <span class='ocrx_word' id='word_1_386' title='bbox 1016 4353 1077 4403; x_wconf 90' lang='lat' dir='ltr'>pour</span> <span class='ocrx_word' id='word_1_387' title='bbox 1091 4336 1126 4386; x_wconf 84' lang='lat' dir='ltr'>les</span> <span class='ocrx_word' id='word_1_388' title='bbox 1135 4334 1343 4386; x_wconf 84' lang='lat' dir='ltr'>retranchements</span> <span class='ocrx_word' id='word_1_389' title='bbox 1354 4333 1410 4384; x_wconf 82' lang='lat' dir='ltr'>iaits</span> <span class='ocrx_word' id='word_1_390' title='bbox 1422 4349 1454 4383; x_wconf 86' lang='lat' dir='ltr'>au</span> 
     </span>
     <span class='ocr_line' id='line_1_40' title="bbox 303 4411 1082 4481; baseline 0 -21"><span class='ocrx_word' id='word_1_391' title='bbox 303 4422 519 4475; x_wconf 86' lang='lat' dir='ltr'>cemmenccment,</span> <span class='ocrx_word' id='word_1_392' title='bbox 542 4414 588 4464; x_wconf 90' lang='lat' dir='ltr'>soit</span> <span class='ocrx_word' id='word_1_393' title='bbox 611 4415 624 4464; x_wconf 85' lang='lat' dir='ltr'>i</span> <span class='ocrx_word' id='word_1_394' title='bbox 638 4415 661 4465; x_wconf 89' lang='lat' dir='ltr'>la</span> <span class='ocrx_word' id='word_1_395' title='bbox 671 4415 714 4475; x_wconf 78' lang='lat' dir='ltr'>sin,</span> <span class='ocrx_word' id='word_1_396' title='bbox 729 4417 754 4481; x_wconf 85' lang='lat' dir='ltr'>je</span> <span class='ocrx_word' id='word_1_397' title='bbox 773 4414 857 4465; x_wconf 89' lang='lat' dir='ltr'>l&#39;indi-</span> <span class='ocrx_word' id='word_1_398' title='bbox 898 4413 979 4463; x_wconf 86' lang='lat' dir='ltr'>milieu</span> <span class='ocrx_word' id='word_1_399' title='bbox 990 4413 1047 4463; x_wconf 89' lang='lat' dir='ltr'>d&#39;un</span> <span class='ocrx_word' id='word_1_400' title='bbox 1058 4411 1082 4478; x_wconf 73' lang='lat'>5.</span> 
     </span>
     <span class='ocr_line' id='line_1_41' title="bbox 303 4489 856 4555; baseline 0.007 -20"><span class='ocrx_word' id='word_1_401' title='bbox 303 4500 351 4551; x_wconf 86' lang='lat' dir='ltr'>que</span> <span class='ocrx_word' id='word_1_402' title='bbox 362 4502 406 4553; x_wconf 77' lang='lat' dir='ltr'>prr</span> <span class='ocrx_word' id='word_1_403' title='bbox 421 4489 462 4537; x_wconf 86' lang='lat' dir='ltr'>des</span> <span class='ocrx_word' id='word_1_404' title='bbox 472 4489 561 4555; x_wconf 80' lang='lat' dir='ltr'>points.</span> <span class='ocrx_word' id='word_1_405' title='bbox 578 4489 608 4540; x_wconf 78' lang='lat' dir='ltr'>le</span> <span class='ocrx_word' id='word_1_406' title='bbox 620 4500 680 4541; x_wconf 86' lang='lat' dir='ltr'>mets</span> <span class='ocrx_word' id='word_1_407' title='bbox 692 4491 714 4542; x_wconf 83' lang='lat' dir='ltr'>la</span> <span class='ocrx_word' id='word_1_408' title='bbox 725 4491 804 4541; x_wconf 75' lang='lat' dir='ltr'>meme</span> <span class='ocrx_word' id='word_1_409' title='bbox 819 4489 856 4539; x_wconf 90' lang='lat' dir='ltr'>in·</span> 
     </span>
    </p>
   </div>
   <div class='ocr_carea' id='block_1_6' title="bbox 0 0 1629 5340">
    <p class='ocr_par' dir='ltr' id='par_1_7' title="bbox 0 0 1629 5340">
     <span class='ocr_line' id='line_1_42' title="bbox 0 0 1629 5340; baseline 0 0"><span class='ocrx_word' id='word_1_410' title='bbox 0 0 1629 5340; x_wconf 95' lang='lat' dir='ltr'> </span> 
     </span>
    </p>
   </div>
  </div>
 </body>
</html>
