3248 5340
595 515 703 571 lNST.
729 516 914 570 ounTou.
941 517 1020 571 LlB.
1048 518 1074 582 l,
1099 523 1127 571 9.
1394 525 1441 575 127

288 667 346 752 rit,
372 666 576 762 cuicunque
602 664 774 738 discendo
803 667 967 738 sufficiet.
996 669 1184 737 Sententiis
1212 693 1370 766 quoque,
1407 685 1442 739 et

287 788 405 876 cluse,
432 804 468 858 et
501 786 681 886 etlzologzie
695 786 863 882 subjectis
895 785 1075 858 dictorum
1110 785 1309 858 rationibus
1343 790 1441 888 apud

286 907 537 1001 grammaticos
555 905 770 996 scribantur,
788 908 873 1003 quia
888 907 1030 978 initium
1046 931 1087 976 ex
1107 905 1260 978 lectione
1274 907 1437 979 ducunt:

285 1051 441 1123 quorum
461 1027 624 1098 omnium
638 1026 760 1097 similis
774 1042 825 1097 est
840 1027 946 1117 rati0,
961 1028 1075 1098 forma
1090 1026 1242 1118 diversa,
1262 1030 1345 1125 (quia
1358 1053 1441 1100 sen-

243 1165 258 1210 ⁵
286 1148 398 1218 tentia
422 1145 628 1217 universalis
656 1161 709 1217 est
730 1172 812 1235 vox,
829 1146 1007 1241 ethologia
1028 1148 1191 1244 personis
1218 1150 1437 1221 continetur.

283 1265 478 1337 Clrriarum
505 1266 608 1365 plura
636 1291 764 1363 genera
797 1266 1021 1337 truduntur:
1059 1291 1173 1337 unum
1208 1268 1321 1339 simile
1358 1295 1439 1340 seu-
1469 1280 1487 1335 l

284 1388 421 1474 tentiae,
438 1386 538 1483 quod
557 1402 609 1458 est
627 1389 787 1485 positum
810 1389 847 1458 in
867 1411 957 1458 voce
978 1387 1144 1485 simplici,
1160 1387 1252 1458 dixit
1275 1389 1344 1474 ille,
1362 1407 1437 1479 atu,

286 1507 402 1577 dicere
423 1506 556 1577 solebat
585 1535 593 1579 :
618 1506 788 1597 alterum,
815 1505 914 1603 quod
936 1522 988 1578 est
1026 1507 1064 1577 in
1090 1507 1358 1606 respondendo,
1386 1516 1438 1580 iu·

284 1642 486 1722 terrogotus
511 1627 578 1713 ille,
601 1626 670 1714 vel,
696 1653 774 1699 cum
802 1627 867 1698 ltoc
892 1629 927 1696 ei
948 1626 1081 1697 dictum
1106 1645 1204 1714 esset,
1223 1629 1402 1725 respondit
1428 1660 1435 1702 :

227 1766 256 1812 ιο
283 1748 428 1819 tertium
444 1747 530 1819 huic
558 1772 632 1818 non
655 1746 841 1837 dissimile,
861 1773 940 1818 crim
958 1749 1035 1846 quis
1057 1747 1202 1818 {incuset
1220 1749 1357 1846 uliquul
1382 1751 1442 1821 vel

280 1873 431 1966 lecisset.
459 1869 575 1939 Etiam
595 1869 632 1938 in
656 1868 816 1966 ipsorum
840 1867 940 1938 sactis
961 1892 1037 1938 esse
1061 1867 1198 1939 chriam
1224 1884 1370 1967 putant,
1398 1885 1438 1942 ut
1466 1886 1484 1942 5

285 1993 416 2076 (rores,
441 2014 520 2059 cum
548 1987 725 2059 indoctum
746 2014 895 2086 puerum
918 1987 1062 2058 obiisset
1068 2042 1078 2073 ,
1100 1988 1335 2086 pedagogum
1357 1989 1437 2083 ejus

320 2207 344 2239 1.
362 2186 481 2240 dicendo
495 2203 501 2239 :
518 2185 595 2240 Alele.
609 2217 643 2226 -
656 2207 680 2240 α.
697 2186 841 2257 ethologire
857 2184 1315 2258 :Regius,Hatn13aethiologiae:n;
1333 2188 1437 2241 ostiolo-

281 2278 349 2345 giae:
364 2278 384 2328 B
397 2276 452 2329 NP
467 2277 501 2346 F,
518 2272 669 2346 ethilogiae:
682 2294 761 2344 7727,
778 2279 883 2350 Carnp„
899 2274 1022 2346 Medios,
1036 2275 1219 2345 ethimologia·
1232 2278 1265 2330 :S
1278 2295 1292 2329 a
1309 2278 1340 2344 Ι),
1357 2279 1435 2331 theo-

282 2363 353 2435 logie
373 2382 380 2419 :
400 2366 439 2419 Μ.
455 2396 489 2404 -
506 2384 533 2434 9.
550 2363 590 2415 vel
609 2383 616 2416 :
637 2365 688 2417 As
704 2364 722 2416 b
740 2365 771 2432 C,
790 2370 870 2435 7525,
886 2384 970 2436 77273
987 2376 1013 2418 et
1033 2382 1040 2420 :
1059 2366 1079 2417 B
1093 2365 1116 2417 N
1131 2367 1162 2419 P.
1182 2397 1216 2405 -
1233 2384 1273 2418 ro.
1296 2384 1359 2418 cum
1374 2369 1436 2438 quis

279 2453 390 2507 dixisset
410 2452 516 2525 aliquid
543 2453 584 2506 vel
606 2452 712 2507 fecisset
731 2469 738 2509 :
760 2457 783 2508 A
806 2455 867 2508 NP
894 2455 966 2523 FC,
995 2456 1075 2524 77²5,
1100 2451 1182 2509 Aloe:
1208 2471 1271 2508 cum
1298 2456 1360 2526 quis
1379 2473 1434 2508 nou

280 2542 394 2597 dixisset
408 2540 455 2595 sed
477 2541 581 2614 aliquid
596 2540 702 2596 lecisset
722 2561 729 2597 z
745 2541 838 2610 Guell,
854 2541 976 2611 Mediol,
994 2545 1024 2598 Z.
1045 2573 1080 2584 -
1101 2561 1143 2598 ιι.
1157 2543 1186 2596 in
1200 2543 1323 2614 ipsorum
1338 2562 1344 2596 :
1357 2546 1391 2615 Ζ,
1407 2546 1433 2596 in

279 2633 344 2705 ipsis
358 2651 387 2684 :e
401 2634 552 2704 conjectura
571 2633 655 2703 Regii,
672 2633 753 2701 eod„
771 2632 844 2701 oon,
859 2634 1006 2707 Goppemu.

280 2805 397 2873 Spalding
410 2816 434 2856 et
448 2806 541 2856 Poltier
555 2821 586 2855 ne
599 2814 703 2872 pensent
717 2806 836 2855 admetus
876 2805 1041 2871 l'exempleire
1051 2804 1081 2854 de
1090 2805 1149 2856 l'ed.
1161 2805 1220 2857 del.
1232 2805 1306 2868 Rode,
1322 2810 1394 2870 15³3,
1404 2807 1434 2858 de

279 2883 411 2947 (cequ'out
420 2881 750 2946 admiscependeutssedoyn
760 2881 835 2930 esui·
876 2880 899 2930 la
916 2878 1086 2946 bibliotheque
1097 2880 1128 2930 de
1141 2882 1280 2944 l'hrsenal).

285 2958 350 3021 sord)
363 2973 409 3021 que
420 2953 603 3025 professoribus
616 2956 664 3006 soit
682 2971 713 3004 eu
732 2955 796 3005 datii
810 2964 835 3005 et
911 2959 934 3005 2.
950 2953 1097 3021 Ethologiae.
1114 2983 1147 2993 -
1165 2956 1203 3006 On
1222 2973 1253 3006 ne
1273 2965 1359 3008 trouve
1375 2959 1433 3010 chez

283 3032 445 3096 complemeut
459 3031 490 3079 de
500 3027 545 3096 dis
542 3028 619 3097 ficiis.
630 3031 649 3082 ll
663 3030 715 3081 doit
723 3031 775 3079 etse
784 3031 835 3097 pris
875 3030 910 3080 les
923 3029 1109 3096 gnmmeiriens
1122 3045 1189 3095 grecs
1198 3045 1293 3080 aucune
1304 3032 1431 3083 definirion

280 3108 294 3155 h
307 3105 412 3156 l'ehlatil
423 3105 517 3167 absolu,
532 3114 556 3154 et
569 3105 629 3156 dens
640 3106 663 3155 le
676 3120 731 3156 sens
740 3106 771 3155 de
781 3123 834 3154 cum
876 3106 987 3155 nimeme
1001 3121 1095 3155 aucune
1106 3106 1217 3155 mention
1230 3107 1261 3156 de
1275 3106 1431 3173 i’ethologie3

280 3181 455 3231 sous-euteudu
481 3197 487 3231 :
515 3203 526 3225 ι
555 3196 612 3231 esec
635 3181 658 3230 le
685 3196 781 3230 serours
803 3180 835 3231 de
873 3182 921 3231 elle
932 3180 1062 3231 semblese
1082 3190 1264 3247 mpportereux
1284 3183 1432 3247 liguresque

288 3279 299 3300 ιι
315 3257 460 3323 professeurs
466 3255 569 3306 habiles.
582 3277 594 3300 ιι
603 3282 637 3295 ·-
646 3255 834 3322 Serpeplnelec·
874 3255 1009 3318 Quintilieu
1023 3255 1140 3306 enumero
1154 3255 1207 3318 (lx,
1223 3259 1248 3318 2,
1262 3261 1293 3307 58
1311 3265 1335 3307 et
1347 3257 1390 3319 lx,
1404 3262 1428 3315 3,

282 3341 362 3383 lorum
380 3333 410 3382 ed
422 3331 450 3382 G.
466 3332 494 3381 L.
507 3330 639 3398 Spaldiogii
649 3331 681 3381 ll.
695 3331 722 3381 F.
740 3331 834 3393 Quinti-
874 3333 917 3394 99)
934 3341 959 3382 et
972 3332 1033 3381 deus
1047 3331 1173 3397 lesquelles
1193 3347 1219 3382 se
1238 3341 1323 3382 trouve
1346 3333 1431 3382 l'erlso·

282 3409 375 3458 lienum
390 3408 523 3474 specimen,
533 3423 558 3474 p.
571 3408 613 3471 25)
622 3407 704 3458 donne
714 3423 761 3456 uue
775 3418 833 3459 note
872 3409 934 3476 paeio
960 3423 1019 3458 aree
1045 3406 1150 3473 laquelle
1174 3423 1207 3457 ou
1238 3407 1269 3456 l’e
1293 3407 1431 3458 eonlondue

281 3501 344 3534 assez
355 3484 532 3550 humoristique
543 3500 549 3533 :
561 3505 573 3526 ιι
585 3482 833 3533 Cousummetosnos·
872 3482 1035 3550 quelqueiois.
1053 3482 1091 3534 On
1105 3492 1163 3551 peut
1173 3484 1254 3534 croire
1271 3499 1319 3550 que
1334 3485 1430 3546 Quinti·

281 3581 293 3604 ιι
308 3570 358 3610 tros
369 3559 481 3610 doctores
493 3560 654 3610 consummari
663 3559 700 3608 illi
710 3558 832 3626 professo·
873 3560 934 3623 lien,
953 3575 1010 3610 sous
1023 3568 1087 3610 cette
1098 3559 1283 3611 denominetion
1302 3560 1430 3612 dilfe'rente

280 3658 291 3679 ι
312 3652 350 3685 res
357 3634 523 3685 vehementius
535 3645 696 3685 exercuerunt
708 3651 781 3701 quem
793 3637 832 3686 uel
873 3636 904 3685 de
910 3634 981 3685 cloiae
988 3646 1013 3686 et
1020 3633 1184 3704 d'etlsologiae,
1192 3637 1233 3686 u’e
1241 3636 1314 3687 roulu
1320 3636 1431 3702 designer

281 3734 292 3754 ιι
310 3711 440 3761 tardissimi
455 3712 547 3762 tirones
568 3710 659 3761 bonum
680 3711 829 3776 magistrum.
871 3712 963 3777 qu'uoe
975 3712 1042 3762 seule
1057 3721 1082 3762 et
1095 3715 1174 3762 meme
1187 3710 1269 3762 chose.
1289 3712 1328 3761 Cl.
1345 3711 1386 3775 Vl,
1402 3716 1426 3770 ²,

285 3809 297 3831 u
320 3787 440 3837 Nimirum
460 3788 586 3853 legendum
605 3797 641 3837 est
662 3789 831 3838 consummatis
875 3790 918 3848 1³3
941 3787 1008 3838 Suet.
1027 3785 1057 3835 de
1066 3804 1176 3854 gramm.
1192 3790 1218 3848 l;
1241 3786 1358 3853 senique,
1372 3791 1423 3852 Ep.

280 3886 291 3906 ιι
302 3861 470 3931 profectione
481 3863 520 3914 Cf.
530 3864 550 3926 l,
561 3867 587 3924 2,
601 3867 643 3925 26,
654 3863 696 3913 obi
705 3873 761 3913 suot
770 3881 831 3931 pro·
871 3866 903 3913 95
921 3880 927 3911 2
951 3884 963 3906 ιι
983 3861 1172 3928 descriptionem
1195 3863 1311 3927 cujusque
1332 3863 1429 3912 virtutis

279 3962 290 3983 ιι
308 3940 389 4007 setteis
403 3938 626 4007 firmiores;ll,³,
641 3943 680 4001 10,
699 3939 828 4008 profectus
870 3937 1016 3988 Posidonius
1032 3935 1182 4004 ethologiom
1193 3945 1296 3988 vocal...
1313 3957 1324 3984 e

279 4037 290 4057 ιι
307 4018 395 4078 reneri;
409 4017 481 4082 quid!
498 4017 564 4082 quod
582 4015 614 4080 ll,
631 4019 655 4079 5,
676 4020 714 4079 ll,
726 4015 829 4084 prosec-
903 4017 928 4064 4.
958 4014 1084 4063 Sententia
1124 4010 1266 4062 renirersnlis
1299 4022 1335 4061 est
1365 4022 1435 4063 oot.'

279 4114 290 4132 ιι
306 4104 354 4139 tum
365 4090 707 4143 hahemusconsummotom...
722 4092 829 4158 »Zumpt
871 4117 903 4131 -
917 4089 956 4140 Cf.
971 4089 1033 4154 l'lll,
1051 4093 1075 4146 5,
1092 4092 1118 4140 ³.

275 4174 299 4214 et
319 4166 350 4216 ll.
369 4168 437 4216 llelm
453 4184 483 4217 ne
501 4178 613 4219 trouvent
625 4184 667 4235 pes
684 4168 772 4234 qu'ily
795 4169 830 4218 eit
904 4171 930 4216 (l.
946 4164 1023 4215 Plora
1046 4182 1149 4234 genera.
1167 4191 1197 4204 -
1214 4163 1371 4232 Aphthonius
1392 4168 1426 4228 (et

276 4240 327 4289 rien
344 4245 357 4291 i
375 4241 481 4306 changes
491 4259 522 4293 au
537 4253 611 4295 texte.
870 4259 929 4292 arec
944 4242 980 4291 lui
992 4240 1111 4308 Priseieu)
1124 4258 1155 4291 eu
1167 4241 1295 4291 reconnait
1304 4241 1425 4290 troissor·

312 4320 373 4365 1.-
386 4318 525 4387 Cuicuuque
540 4316 655 4368 discendo
666 4317 785 4385 sufficiet.
799 4347 828 4358 -
870 4329 914 4380 tes,
931 4318 990 4384 qu'il
1004 4317 1101 4385 appelle
1119 4318 1230 4380 λογικὸν,
1248 4319 1386 4382 πρακτικὸν
1401 4327 1425 4367 et

275 4391 311 4440 ld
325 4392 458 4457 quemlibet
472 4403 596 4444 auctorem
612 4395 766 4443 ediscendum
781 4395 828 4443 erit
870 4394 958 4457 μικτόν
970 4391 1130 4459 (orationale,
1138 4393 1252 4454 activum,
1262 4392 1382 4459 motum).
1391 4393 1424 4443 Lo

275 4467 375 4518 idoneus
393 4471 461 4533 (note
476 4468 521 4522 lls.
543 4469 577 4520 du
595 4474 655 4520 ιη’
676 4469 748 4520 siecle
766 4469 827 4519 dens
868 4469 975 4520 division
990 4468 1164 4532 deQuintilien
1178 4477 1215 4519 est
1227 4468 1373 4531 dillereut03
1389 4467 1424 4518 les
