3248 5340
515 516 622 572 lust.
646 516 833 572 ORATOR.
858 516 938 572 LlB.
962 515 991 582 l,
1018 519 1044 569 t.
1323 523 1356 572 tt

201 668 376 737 simorum
400 664 566 738 educatio
590 693 609 737 n
630 667 722 739 lacte
744 668 919 763 cunisque
941 667 1084 737 initium
1104 664 1218 755 ducit,
1241 668 1287 738 ito
1309 669 1361 738 fu·

204 801 304 856 turus
319 785 631 882 eloquentissimus
654 787 768 859 edidit
789 785 985 883 aliquando
1011 787 1180 881 vngiuun,
1203 801 1239 857 et
1262 789 1359 885 loqui

203 907 361 1003 prirnnnr
397 907 531 976 incerta
557 932 647 978 voce
680 908 882 1004 temptavit,
911 921 944 977 et
976 905 1076 976 lraesit
1102 907 1194 976 circa
1229 906 1361 976 lornras

203 1026 417 1098 litterarum.
445 1031 516 1098 Nec
543 1028 572 1097 si
601 1027 689 1123 qnid
722 1027 859 1098 discere
883 1027 967 1097 satis
992 1040 1152 1114 nonest,
1184 1024 1267 1096 ideo
1295 1050 1361 1098 nec

147 1171 161 1211 .·ι
205 1170 347 1216 necesse
374 1160 439 1217 est.
468 1146 606 1234 Quodsi
641 1172 748 1218 nemo
775 1146 1007 1246 reprehendit
1034 1160 1174 1243 patrem
1199 1148 1261 1244 qui
1284 1145 1361 1219 huc
1390 1157 1430 1215 22

205 1292 276 1336 non
294 1265 511 1362 neglegenda
533 1268 567 1336 in
596 1292 662 1337 sno
688 1266 761 1337 silio
779 1281 893 1365 putet,
912 1292 977 1337 cur
992 1265 1218 1363 improbetur
1232 1267 1261 1337 si
1279 1269 1361 1362 quis

204 1410 258 1474 ea,
285 1411 365 1482 quoe
396 1386 496 1457 dorni
522 1411 593 1457 suae
623 1401 720 1458 reete
751 1387 895 1474 laceret,
926 1388 963 1456 in
987 1384 1173 1482 pnblieunr
1202 1388 1360 1482 promit?

205 1511 320 1603 Atque
339 1530 383 1576 eo
397 1508 519 1600 magis,
545 1508 641 1604 quod
655 1508 794 1577 rninora
816 1507 923 1577 etiam
944 1505 1081 1577 facilius
1104 1506 1260 1575 minores
1277 1530 1360 1602 per-

203 1628 360 1722 cipiunt;
390 1641 425 1697 et
452 1641 492 1697 ut
518 1650 672 1724 corpora
701 1626 748 1697 ad
774 1626 950 1723 quosdam
977 1624 1225 1695 membrorum
1249 1624 1362 1696 llexns

148 1777 175 1821 to
203 1746 366 1835 formari,
396 1747 462 1817 nisi
482 1761 617 1836 tenera,
639 1771 711 1816 non
729 1760 892 1845 possunt,
918 1747 968 1815 sic
987 1746 1128 1815 animos
1147 1769 1293 1840 quoque.
1314 1744 1361 1816 nd

202 1866 373 1964 pleraque
392 1867 558 1937 duriores
578 1865 691 1936 robur
711 1867 830 1964 ipsunt
853 1866 950 1936 lacit.
976 1870 1027 1936 tln
1046 1864 1231 1962 Philippus
1244 1870 1360 1936 Mace·
1389 1873 1428 1933 23

203 1987 341 2056 donum
362 2011 424 2057 rex
446 1985 648 2057 Alexandro
667 1985 741 2056 lilio
761 2011 826 2057 suo
841 1987 956 2083 prima
973 1984 1171 2056 litterarum
1185 1984 1360 2055 elementa

203 2105 295 2176 tradi
311 2107 358 2176 nl)
370 2105 569 2196 Aristotele,
586 2131 730 2177 summo
740 2106 815 2202 ejus
830 2106 940 2176 aetatis
952 2104 1180 2202 philosopho,
1195 2104 1363 2176 voluisset

203 2241 262 2296 unt
280 2224 339 2297 ille
364 2227 575 2322 suscepisset
594 2225 666 2297 hoc
692 2225 866 2311 officiunt,
888 2227 1010 2296 sinon
1035 2224 1236 2295 studiorum
1260 2226 1359 2296 initia

238 2440 266 2491 6.
280 2438 302 2488 si
317 2439 361 2489 eui
372 2456 402 2490 ea
419 2455 427 2492 ε
443 2440 476 2494 C.
490 2469 525 2477 —
539 2458 564 2509 7.
582 2436 681 2491 lecerat
698 2457 704 2493 :
720 2439 775 2490 Tr*
790 2457 826 2492 tn.
844 2437 922 2493 Bodl.
940 2439 1034 2510 Canop.

201 2584 283 2635 dersit
298 2585 320 2634 le
333 2584 446 2646 retsblir,
459 2585 476 2634 il
492 2585 597 2635 lsndrsit
612 2585 686 2633 etium
697 2603 761 2647 mot,
804 2601 877 2652 perce
896 2602 944 2650 que
954 2585 976 2634 te
993 2583 1128 2650 subjunctis
1137 2599 1239 2650 suppose
1254 2583 1362 2648 toujours

207 2676 301 2710 nomme
313 2661 374 2710 dens
387 2661 410 2710 le
426 2661 471 2710 lis.
488 2663 564 2712 llll.
804 2678 851 2711 une
865 2660 948 2712 action
963 2659 1166 2722 conditionnelle,
1175 2668 1200 2709 et
1211 2658 1228 2708 il
1244 2674 1358 2724 propose,

236 2738 259 2787 3.
280 2736 426 2803 Temptavit.
443 2764 477 2775 -
497 2757 509 2781 ιι
536 2740 651 2798 Tentare,
670 2735 690 2785 si
710 2735 761 2786 l'on
803 2737 898 2804 d'spres
913 2752 947 2786 un
963 2735 1007 2785 tts.
1027 2735 1070 2801 qui
1091 2735 1174 2785 donne
1196 2734 1306 2803 feceret,
1327 2734 1358 2784 de

204 2831 214 2853 ιι
230 2812 392 2861 soconlorme
407 2812 421 2861 i
438 2811 618 2877 l’etymologie3
629 2821 760 2879 temptare,
803 2813 937 2863 substituer
948 2813 1009 2862 dsns
1023 2812 1045 2860 le
1063 2820 1128 2861 teste
1150 2809 1251 2878 fecerit,
1265 2825 1360 2860 nomm

204 2886 249 2935 «si
277 2886 326 2936 l'on
351 2895 407 2936 rent
430 2887 512 2936 suivre
526 2888 616 2953 l’usege
635 2887 757 2937 authenti·
802 2889 824 2939 la
840 2887 958 2938 siritsble
973 2888 1052 2952 locon.
1063 2888 1164 2952 L'usnge
1175 2888 1206 2937 de
1219 2885 1362 2954 l'impnrlsit

204 2982 215 3003 ιι
226 2972 341 3026 quement
352 2962 462 3012 consuet
475 2963 637 3013 destruens.
650 2984 663 3007 ιι
674 2962 702 3012 E.
713 2962 761 3012 Bit·
802 2965 835 3013 du
850 2962 985 3028 subjunctis
1006 2963 1068 3012 n'est
1084 2980 1125 3028 pes
1145 2963 1256 3027 toujours
1272 2964 1360 3012 solior-

202 3050 288 3088 xotsr.
298 3065 331 3076 -
344 3059 356 3081 ιι
365 3038 393 3088 ln
407 3038 489 3087 multis
500 3038 569 3088 libris
582 3038 671 3103 legitur
683 3048 759 3103 temp·
801 3039 903 3089 donnes
911 3037 982 3088 l’idlse
990 3038 1064 3086 d'nne
1074 3036 1214 3099 condition,
1223 3037 1241 3086 ll
1251 3036 1360 3103 exprime

203 3135 214 3155 ι
227 3124 252 3161 to
267 3132 275 3160 :
288 3122 362 3178 atque
378 3113 540 3181 inscriptum
550 3123 584 3163 est
593 3114 618 3162 in
631 3113 684 3162 Vet.
699 3113 758 3179 Lep.
801 3115 865 3163 snssi
878 3112 1041 3180 quelqneiois,
1051 3128 1146 3162 comme
1158 3112 1201 3172 ici,
1217 3127 1265 3160 une
1278 3111 1359 3160 action

204 3209 214 3231 ιι
232 3189 294 3254 npud
313 3193 413 3239 situnne.
433 3188 458 3237 in
479 3189 610 3256 Ortteogr„
622 3187 760 3254 plscuitque
800 3190 919 3256 probsble
934 3189 994 3238 dnus
1010 3204 1043 3237 un
1056 3195 1135 3252 temps
1157 3185 1234 3248 lutor,
1249 3194 1273 3235 et
1286 3201 1318 3234 on
1336 3186 1359 3234 le

203 3286 214 3307 ιι
229 3268 327 3313 Fuerno
345 3282 354 3311 :
374 3274 399 3313 nt
418 3264 530 3331 displicet
555 3264 759 3322 Munrttio,Dous
801 3274 894 3323 trouve,
916 3264 976 3313 dans
1002 3262 1036 3312 les
1053 3261 1179 3311 meilleurs
1192 3269 1298 3321 auteurs,
1312 3259 1359 3309 frti·

202 3360 213 3382 ιι
228 3340 290 3408 qui,
311 3338 425 3400 cellon,
456 3349 615 3389 cumcontra
639 3339 757 3389 rationem
800 3348 940 3405 quemment
955 3337 1140 3404 employedsns
1155 3344 1219 3386 cette
1237 3335 1358 3401 signitica-

203 3438 214 3459 ιι
228 3432 275 3464 sure
286 3415 387 3479 originis
400 3416 439 3464 sit.
457 3416 546 3465 Verum
561 3416 656 3464 .t!orin.
669 3416 756 3463 lteris.
800 3415 862 3466 tion.
883 3438 895 3459 ιι
916 3416 1044 3464 ΡοττΙΕι.
1060 3440 1094 3451 -
1110 3411 1280 3475 Tomebladlt,
1293 3412 1358 3462 d’tte·

203 3513 214 3535 ιι
226 3489 285 3541 Alb.
301 3509 328 3557 p.
349 3494 405 3550 ur,
419 3501 443 3540 et
457 3495 528 3541 Frat.
546 3497 605 3540 Aru.
618 3508 646 3558 p.
661 3494 710 3541 utu
734 3501 757 3540 et
799 3491 858 3541 cord
869 3506 928 3540 aree
939 3489 1033 3556 Meyer,
1046 3497 1081 3539 est
1091 3487 1122 3538 de
1132 3487 1241 3538 l'svisde
1254 3487 1358 3549 l’ottier,

202 3590 212 3610 ιι
229 3570 323 3625 3l3,ex
331 3566 440 3631 pluribus
449 3566 673 3632 lopidilsusoptimoe
683 3575 756 3629 notre,
799 3577 824 3616 et
836 3567 853 3615 il
868 3567 963 3632 sjoute:
974 3586 986 3610 ιι
1002 3564 1086 3630 ltaque
1097 3582 1149 3634 quse
1156 3562 1223 3613 dumi
1235 3581 1283 3612 suae
1295 3574 1358 3613 reete

202 3666 213 3685 ιι
230 3641 316 3707 probet
337 3641 467 3690 lectionem
488 3651 579 3711 tempto
601 3642 691 3707 passim
717 3660 756 3692 re-
798 3641 895 3711 suceret
919 3641 1041 3707 signifieat
1076 3657 1084 3692 ι
1104 3656 1158 3705 quus
1177 3640 1244 3689 domi
1268 3658 1316 3690 suae
1337 3640 1357 3690 si

202 3742 212 3760 ιι
230 3726 324 3781 ruptam
337 3716 400 3781 apud
414 3716 512 3766 Latinos
523 3717 606 3766 luisse.
621 3738 632 3759 ιι
642 3717 757 3768 ronter-
798 3717 900 3777 luceret,
909 3716 1081 3767 rectelseeret.
1093 3715 1177 3780 Neque
1189 3714 1240 3764 hnc
1254 3717 1358 3780 loquun-

201 3806 267 3843 ttnt.
797 3792 822 3841 di
835 3792 997 3852 consuetudo,
1018 3803 1066 3856 qua
1084 3790 1235 3854 significatur
1252 3805 1300 3853 qno
1318 3805 1358 3839 res

234 3874 259 3917 6.
271 3894 304 3904 -
319 3889 331 3911 ιι
347 3866 472 3935 Μεῖεςο,
487 3866 656 3936 neglegentia,
670 3878 695 3919 et
704 3885 754 3919 non
796 3867 905 3933 quaedsm
916 3867 935 3916 si
948 3867 1026 3927 lieret,
1037 3865 1106 3914 fieret
1119 3865 1201 3925 modo,
1216 3864 1252 3913 rel
1261 3865 1358 3929 qualem

203 3968 214 3986 ιι
226 3943 339 4011 negligo,
348 3944 469 3994 cretone
479 3943 705 4011 estl’ortlrogrsphe
713 3945 754 3994 des
796 3952 910 3992 eventum
924 3941 1038 4002 halreret,
1058 3957 1072 3989 u
1097 3939 1263 4002 Quintitianea
1275 3938 1358 3989 elocu-

204 4042 215 4063 ιι
227 4020 290 4069 bons
303 4022 359 4070 tto.
381 4037 443 4087 pour
463 4029 542 4070 tontes
554 4020 589 4070 les
602 4019 712 4086 pin'odes
722 4020 753 4070 de
796 4019 863 4068 tione
879 4016 1007 4069 abhorret.
1033 4015 1085 4066 tltr.
1103 4015 1187 4076 t'1,t‚
1210 4017 1240 4066 tt
1259 4032 1264 4063 :
1287 4031 1357 4083 quern

203 4116 214 4139 ιι
230 4094 397 4145 lalitteratnro
407 4096 481 4144 latine
490 4105 513 4144 et
521 4095 584 4145 aussi
598 4096 640 4145 des
652 4095 755 4162 inscrip·
795 4093 913 4145 melius...
923 4092 1072 4162 reliquisset,
1082 4092 1107 4141 id
1115 4101 1151 4142 est
1158 4106 1229 4156 quern
1241 4090 1292 4140 si...
1303 4089 1357 4140 reli·

204 4194 215 4214 ιι
229 4170 247 4219 ti
267 4187 294 4219 ns
305 4170 486 4237 uutlrentiques.
504 4194 516 4216 ιι
534 4172 562 4221 Ε.
585 4171 711 4222 [lurtum.
796 4170 897 4237 quisset,
912 4169 1000 4220 metius
1010 4168 1035 4218 id
1045 4167 1155 4228 lecisset;
1166 4165 1218 4227 t'tt,
1232 4169 1257 4227 2,
1271 4168 1302 4215 22
1316 4181 1355 4215 t...

226 4186 264 4321 sd
275 4246 456 4312 Rectesuceret.
471 4247 760 4314 -nspnldingobserse
801 4257 889 4295 tenere
909 4253 1107 4312 compararetur,
1131 4242 1201 4290 idest
1220 4243 1240 4291 si
1259 4256 1357 4307 compa·

127 4360 143 4399 s.
200 4337 247 4386 qne
259 4321 399 4388 l'imperleit
413 4323 444 4370 ‹lu
461 4322 596 4388 subjunctis
605 4332 641 4371 est
661 4322 760 4390 diplnte
801 4330 906 4384 rotetur,
935 4330 1026 4370 temere
1041 4319 1064 4367 id
1089 4319 1166 4368 steret.
1196 4317 1278 4383 ltaque
1295 4316 1358 4367 nihil

100 4406 124 4457 ,s
200 4397 262 4445 dans
274 4406 311 4446 eet
326 4397 434 4458 endroit,
450 4400 463 4447 i
477 4398 615 4462 molosque
628 4397 678 4447 l'on
692 4397 761 4447 n'en·
801 4398 955 4447 mutandum.
971 4393 1205 4462 leumt.Quiutil.
1215 4392 1354 4455 Culmuriae,

202 4472 274 4521 tende
288 4483 353 4521 recte
369 4474 430 4522 dans
445 4474 468 4523 le
485 4489 540 4523 sens
558 4473 588 4522 de
609 4490 662 4521 cum
677 4470 758 4533 lotide,
807 4476 881 4534 taut),
895 4490 920 4539 p,
936 4474 974 4535 (i.)
