<?xml version="1.0" encoding="UTF-8"?>
<!DOCTYPE html PUBLIC "-//W3C//DTD XHTML 1.0 Transitional//EN"
    "http://www.w3.org/TR/xhtml1/DTD/xhtml1-transitional.dtd">
<html xmlns="http://www.w3.org/1999/xhtml" xml:lang="en" lang="en">
 <head>
  <title>
</title>
<meta http-equiv="Content-Type" content="text/html;charset=utf-8" />
  <meta name='ocr-system' content='tesseract 3.04.00' />
  <meta name='ocr-capabilities' content='ocr_page ocr_carea ocr_par ocr_line ocrx_word'/>
</head>
<body>
  <div class='ocr_page' id='page_1' title='image "./deinstitutioneo00fiergoog_0317.png"; bbox 0 0 3248 5340; ppageno 0'>
   <div class='ocr_carea' id='block_1_1' title="bbox 274 481 1087 556">
    <p class='ocr_par' dir='ltr' id='par_1_1' title="bbox 274 481 1087 556">
     <span class='ocr_line' id='line_1_1' title="bbox 274 481 1087 556; baseline -0.01 -12"><span class='ocrx_word' id='word_1_1' title='bbox 274 494 324 544; x_wconf 83' lang='lat' dir='ltr'>na</span> <span class='ocrx_word' id='word_1_2' title='bbox 599 486 638 538; x_wconf 88' lang='lat' dir='ltr'>n.</span> <span class='ocrx_word' id='word_1_3' title='bbox 663 485 779 540; x_wconf 77' lang='lat' dir='ltr'>rnen</span> <span class='ocrx_word' id='word_1_4' title='bbox 805 481 1087 556; x_wconf 78' lang='lat' dir='ltr'>Qururxcmur</span> 
     </span>
    </p>
   </div>
   <div class='ocr_carea' id='block_1_2' title="bbox 273 629 1488 1335">
    <p class='ocr_par' dir='ltr' id='par_1_2' title="bbox 273 629 1488 1335">
     <span class='ocr_line' id='line_1_2' title="bbox 273 629 1442 737; baseline -0.007 -28"><span class='ocrx_word' id='word_1_5' title='bbox 273 637 539 737; x_wconf 88' lang='lat' dir='ltr'>improbissimo</span> <span class='ocrx_word' id='word_1_6' title='bbox 568 637 700 733; x_wconf 90' lang='lat' dir='ltr'>cuique</span> <span class='ocrx_word' id='word_1_7' title='bbox 723 634 896 733; x_wconf 83' lang='lat' dir='ltr'>pleraque</span> <span class='ocrx_word' id='word_1_8' title='bbox 914 633 1072 731; x_wconf 88' lang='lat' dir='ltr'>fingendi</span> <span class='ocrx_word' id='word_1_9' title='bbox 1096 632 1236 704; x_wconf 90' lang='lat' dir='ltr'>licentia</span> <span class='ocrx_word' id='word_1_10' title='bbox 1255 647 1323 719; x_wconf 88' lang='lat' dir='ltr'>est,</span> <span class='ocrx_word' id='word_1_11' title='bbox 1342 629 1442 702; x_wconf 89' lang='lat' dir='ltr'>adeo</span> 
     </span>
     <span class='ocr_line' id='line_1_3' title="bbox 276 754 1443 844; baseline -0.006 -14"><span class='ocrx_word' id='word_1_12' title='bbox 276 773 313 830; x_wconf 90' lang='lat' dir='ltr'>ut</span> <span class='ocrx_word' id='word_1_13' title='bbox 341 759 387 829; x_wconf 91' lang='lat' dir='ltr'>de</span> <span class='ocrx_word' id='word_1_14' title='bbox 415 756 513 827; x_wconf 91' lang='lat' dir='ltr'>libris</span> <span class='ocrx_word' id='word_1_15' title='bbox 537 756 619 826; x_wconf 86' lang='lat' dir='ltr'>totis</span> <span class='ocrx_word' id='word_1_16' title='bbox 644 771 680 827; x_wconf 87' lang='lat' dir='ltr'>et</span> <span class='ocrx_word' id='word_1_17' title='bbox 695 754 916 844; x_wconf 87' lang='lat' dir='ltr'>auctoribus,</span> <span class='ocrx_word' id='word_1_18' title='bbox 938 769 977 826; x_wconf 90' lang='lat' dir='ltr'>ut</span> <span class='ocrx_word' id='word_1_19' title='bbox 1000 755 1192 843; x_wconf 82' lang='lat' dir='ltr'>succurrit,</span> <span class='ocrx_word' id='word_1_20' title='bbox 1212 754 1443 824; x_wconf 78' lang='lat' dir='ltr'>mentiantur</span> 
     </span>
     <span class='ocr_line' id='line_1_4' title="bbox 275 875 1437 975; baseline -0.005 -26"><span class='ocrx_word' id='word_1_21' title='bbox 275 893 367 967; x_wconf 87' lang='lat' dir='ltr'>tuto,</span> <span class='ocrx_word' id='word_1_22' title='bbox 405 877 487 975; x_wconf 92' lang='lat' dir='ltr'>quia</span> <span class='ocrx_word' id='word_1_23' title='bbox 514 876 667 946; x_wconf 81' lang='lat' dir='ltr'>inveniri</span> <span class='ocrx_word' id='word_1_24' title='bbox 704 877 766 972; x_wconf 86' lang='lat' dir='ltr'>qui</span> <span class='ocrx_word' id='word_1_25' title='bbox 801 899 988 972; x_wconf 89' lang='lat' dir='ltr'>nunquam</span> <span class='ocrx_word' id='word_1_26' title='bbox 1022 875 1123 945; x_wconf 89' lang='lat' dir='ltr'>fuere</span> <span class='ocrx_word' id='word_1_27' title='bbox 1154 898 1229 944; x_wconf 92' lang='lat' dir='ltr'>non</span> <span class='ocrx_word' id='word_1_28' title='bbox 1264 889 1437 970; x_wconf 84' lang='lat' dir='ltr'>possunt.</span> 
     </span>
     <span class='ocr_line' id='line_1_5' title="bbox 274 993 1438 1093; baseline -0.003 -25"><span class='ocrx_word' id='word_1_29' title='bbox 274 1004 367 1068; x_wconf 88' lang='lat' dir='ltr'>Nam</span> <span class='ocrx_word' id='word_1_30' title='bbox 392 998 428 1068; x_wconf 89' lang='lat' dir='ltr'>in</span> <span class='ocrx_word' id='word_1_31' title='bbox 453 994 654 1067; x_wconf 87' lang='lat' dir='ltr'>notioribus</span> <span class='ocrx_word' id='word_1_32' title='bbox 670 995 955 1092; x_wconf 87' lang='lat' dir='ltr'>frequentissime</span> <span class='ocrx_word' id='word_1_33' title='bbox 980 993 1305 1093; x_wconf 88' lang='lat' dir='ltr'>deprehenduntur</span> <span class='ocrx_word' id='word_1_34' title='bbox 1328 1020 1349 1063; x_wconf 84' lang='lat' dir='ltr'>a</span> <span class='ocrx_word' id='word_1_35' title='bbox 1371 1019 1438 1064; x_wconf 91' lang='lat' dir='ltr'>cu-</span> 
     </span>
     <span class='ocr_line' id='line_1_6' title="bbox 274 1112 1488 1213; baseline -0.003 -25"><span class='ocrx_word' id='word_1_36' title='bbox 274 1118 389 1189; x_wconf 88' lang='lat' dir='ltr'>riosis.</span> <span class='ocrx_word' id='word_1_37' title='bbox 419 1121 467 1187; x_wconf 86' lang='lat' dir='ltr'>Ex</span> <span class='ocrx_word' id='word_1_38' title='bbox 490 1140 564 1213; x_wconf 92' lang='lat' dir='ltr'>quo</span> <span class='ocrx_word' id='word_1_39' title='bbox 585 1114 673 1187; x_wconf 90' lang='lat' dir='ltr'>mihi</span> <span class='ocrx_word' id='word_1_40' title='bbox 700 1117 794 1187; x_wconf 87' lang='lat' dir='ltr'>inter</span> <span class='ocrx_word' id='word_1_41' title='bbox 812 1117 960 1187; x_wconf 81' lang='lat' dir='ltr'>virtutes</span> <span class='ocrx_word' id='word_1_42' title='bbox 979 1115 1201 1211; x_wconf 86' lang='lat' dir='ltr'>grammatici</span> <span class='ocrx_word' id='word_1_43' title='bbox 1221 1112 1438 1201; x_wconf 87' lang='lat' dir='ltr'>habebitur,</span> <span class='ocrx_word' id='word_1_44' title='bbox 1475 1130 1488 1172; x_wconf 81' lang='lat'><strong>⁵</strong></span> 
     </span>
     <span class='ocr_line' id='line_1_7' title="bbox 275 1237 561 1335; baseline 0.003 -28"><span class='ocrx_word' id='word_1_45' title='bbox 275 1237 393 1335; x_wconf 85' lang='lat' dir='ltr'>aliqua</span> <span class='ocrx_word' id='word_1_46' title='bbox 413 1237 561 1308; x_wconf 90' lang='lat' dir='ltr'>nescire.</span> 
     </span>
    </p>
   </div>
   <div class='ocr_carea' id='block_1_3' title="bbox 229 1455 1493 2995">
    <p class='ocr_par' dir='ltr' id='par_1_3' title="bbox 273 1455 1440 1794">
     <span class='ocr_line' id='line_1_8' title="bbox 323 1455 1440 1555; baseline -0.003 -25"><span class='ocrx_word' id='word_1_47' title='bbox 323 1464 408 1530; x_wconf 72' lang='lat' dir='ltr'>Car.</span> <span class='ocrx_word' id='word_1_48' title='bbox 440 1462 499 1528; x_wconf 85' lang='lat' dir='ltr'>lX.</span> <span class='ocrx_word' id='word_1_49' title='bbox 526 1461 568 1528; x_wconf 86' lang='lat' dir='ltr'>Et</span> <span class='ocrx_word' id='word_1_50' title='bbox 584 1455 692 1528; x_wconf 84' lang='lat' dir='ltr'>frnitae</span> <span class='ocrx_word' id='word_1_51' title='bbox 714 1455 861 1553; x_wconf 90' lang='lat' dir='ltr'>quidem</span> <span class='ocrx_word' id='word_1_52' title='bbox 887 1470 970 1527; x_wconf 87' lang='lat' dir='ltr'>sunt</span> <span class='ocrx_word' id='word_1_53' title='bbox 994 1471 1112 1555; x_wconf 88' lang='lat' dir='ltr'>partes</span> <span class='ocrx_word' id='word_1_54' title='bbox 1130 1455 1223 1547; x_wconf 84' lang='lat' dir='ltr'>duae,</span> <span class='ocrx_word' id='word_1_55' title='bbox 1248 1481 1340 1553; x_wconf 88' lang='lat' dir='ltr'>quas</span> <span class='ocrx_word' id='word_1_56' title='bbox 1361 1456 1440 1527; x_wconf 78' lang='lat' dir='ltr'>hoec</span> 
     </span>
     <span class='ocr_line' id='line_1_9' title="bbox 275 1575 1439 1677; baseline -0.002 -28"><span class='ocrx_word' id='word_1_57' title='bbox 275 1579 448 1677; x_wconf 76' lang='lat' dir='ltr'>professio</span> <span class='ocrx_word' id='word_1_58' title='bbox 473 1576 677 1674; x_wconf 89' lang='lat' dir='ltr'>pollicetur,</span> <span class='ocrx_word' id='word_1_59' title='bbox 701 1575 736 1648; x_wconf 91' lang='lat' dir='ltr'>id</span> <span class='ocrx_word' id='word_1_60' title='bbox 762 1591 829 1665; x_wconf 88' lang='lat' dir='ltr'>est,</span> <span class='ocrx_word' id='word_1_61' title='bbox 856 1578 949 1648; x_wconf 87' lang='lat' dir='ltr'>ratio</span> <span class='ocrx_word' id='word_1_62' title='bbox 976 1575 1149 1673; x_wconf 90' lang='lat' dir='ltr'>loquendi</span> <span class='ocrx_word' id='word_1_63' title='bbox 1184 1591 1220 1647; x_wconf 86' lang='lat' dir='ltr'>et</span> <span class='ocrx_word' id='word_1_64' title='bbox 1252 1579 1439 1647; x_wconf 90' lang='lat' dir='ltr'>enarratio</span> 
     </span>
     <span class='ocr_line' id='line_1_10' title="bbox 273 1695 1437 1794; baseline 0 -27"><span class='ocrx_word' id='word_1_65' title='bbox 273 1713 462 1769; x_wconf 81' lang='lat' dir='ltr'>auctorum</span> <span class='ocrx_word' id='word_1_66' title='bbox 479 1721 633 1794; x_wconf 88' lang='lat' dir='ltr'>quarum</span> <span class='ocrx_word' id='word_1_67' title='bbox 658 1695 756 1767; x_wconf 88' lang='lat' dir='ltr'>illam</span> <span class='ocrx_word' id='word_1_68' title='bbox 784 1695 1014 1782; x_wconf 81' lang='lat' dir='ltr'>methodicen,</span> <span class='ocrx_word' id='word_1_69' title='bbox 1042 1696 1137 1768; x_wconf 88' lang='lat' dir='ltr'>banc</span> <span class='ocrx_word' id='word_1_70' title='bbox 1159 1695 1350 1767; x_wconf 79' lang='lat' dir='ltr'>historicen</span> <span class='ocrx_word' id='word_1_71' title='bbox 1371 1722 1437 1767; x_wconf 88' lang='lat' dir='ltr'>vo-</span> 
     </span>
    </p>

    <p class='ocr_par' dir='ltr' id='par_1_4' title="bbox 231 1815 1493 2036">
     <span class='ocr_line' id='line_1_11' title="bbox 231 1815 1493 1914; baseline -0.002 -25"><span class='ocrx_word' id='word_1_72' title='bbox 231 1840 234 1845; x_wconf 51' lang='lat'><em>*</em></span> <span class='ocrx_word' id='word_1_73' title='bbox 275 1832 372 1889; x_wconf 91' lang='lat' dir='ltr'>cant.</span> <span class='ocrx_word' id='word_1_74' title='bbox 404 1817 617 1912; x_wconf 80' lang='lat' dir='ltr'>Adjiciamns</span> <span class='ocrx_word' id='word_1_75' title='bbox 650 1831 769 1887; x_wconf 88' lang='lat' dir='ltr'>tamen</span> <span class='ocrx_word' id='word_1_76' title='bbox 805 1840 932 1888; x_wconf 90' lang='lat' dir='ltr'>eorum</span> <span class='ocrx_word' id='word_1_77' title='bbox 970 1841 1064 1888; x_wconf 84' lang='lat' dir='ltr'>curae</span> <span class='ocrx_word' id='word_1_78' title='bbox 1090 1815 1256 1914; x_wconf 86' lang='lat' dir='ltr'>quaedam</span> <span class='ocrx_word' id='word_1_79' title='bbox 1286 1816 1438 1888; x_wconf 91' lang='lat' dir='ltr'>dicendi</span> <span class='ocrx_word' id='word_1_80' title='bbox 1468 1833 1493 1876; x_wconf 82' lang='lat'>¹⁰</span> 
     </span>
     <span class='ocr_line' id='line_1_12' title="bbox 275 1935 1439 2036; baseline -0.001 -28"><span class='ocrx_word' id='word_1_81' title='bbox 275 1936 486 2036; x_wconf 86' lang='lat' dir='ltr'>primordia,</span> <span class='ocrx_word' id='word_1_82' title='bbox 519 1936 650 2032; x_wconf 87' lang='lat' dir='ltr'>quibus</span> <span class='ocrx_word' id='word_1_83' title='bbox 685 1950 805 2008; x_wconf 67' lang='lat' dir='ltr'>{etates</span> <span class='ocrx_word' id='word_1_84' title='bbox 842 1935 1008 2008; x_wconf 91' lang='lat' dir='ltr'>nondum</span> <span class='ocrx_word' id='word_1_85' title='bbox 1035 1936 1216 2008; x_wconf 90' lang='lat' dir='ltr'>rhetorem</span> <span class='ocrx_word' id='word_1_86' title='bbox 1250 1939 1439 2034; x_wconf 87' lang='lat' dir='ltr'>capientes</span> 
     </span>
    </p>

    <p class='ocr_par' dir='ltr' id='par_1_5' title="bbox 230 2052 1492 2754">
     <span class='ocr_line' id='line_1_13' title="bbox 230 2052 1434 2154; baseline -0.003 -22"><span class='ocrx_word' id='word_1_87' title='bbox 230 2077 248 2132; x_wconf 74' lang='lat'><strong>2</strong></span> <span class='ocrx_word' id='word_1_88' title='bbox 276 2058 475 2128; x_wconf 87' lang='lat' dir='ltr'>instituant.</span> <span class='ocrx_word' id='word_1_89' title='bbox 506 2057 614 2151; x_wconf 89' lang='lat' dir='ltr'>lgitur</span> <span class='ocrx_word' id='word_1_90' title='bbox 640 2058 771 2153; x_wconf 80' lang='lat' dir='ltr'>AEsope&#39;</span> <span class='ocrx_word' id='word_1_91' title='bbox 782 2052 953 2151; x_wconf 80' lang='lat' dir='ltr'>sabellus,</span> <span class='ocrx_word' id='word_1_92' title='bbox 980 2081 1059 2154; x_wconf 87' lang='lat' dir='ltr'>quae</span> <span class='ocrx_word' id='word_1_93' title='bbox 1083 2055 1211 2128; x_wconf 88' lang='lat' dir='ltr'>fabulis</span> <span class='ocrx_word' id='word_1_94' title='bbox 1234 2057 1434 2129; x_wconf 86' lang='lat' dir='ltr'>nutricula-</span> 
     </span>
     <span class='ocr_line' id='line_1_14' title="bbox 275 2177 1437 2276; baseline 0 -29"><span class='ocrx_word' id='word_1_95' title='bbox 275 2202 357 2247; x_wconf 90' lang='lat' dir='ltr'>rum</span> <span class='ocrx_word' id='word_1_96' title='bbox 382 2177 544 2274; x_wconf 81' lang='lat' dir='ltr'>proxime</span> <span class='ocrx_word' id='word_1_97' title='bbox 568 2177 780 2266; x_wconf 90' lang='lat' dir='ltr'>succedunt,</span> <span class='ocrx_word' id='word_1_98' title='bbox 800 2201 948 2248; x_wconf 89' lang='lat' dir='ltr'>narrare</span> <span class='ocrx_word' id='word_1_99' title='bbox 970 2202 1139 2249; x_wconf 90' lang='lat' dir='ltr'>sermone</span> <span class='ocrx_word' id='word_1_100' title='bbox 1162 2202 1256 2276; x_wconf 91' lang='lat' dir='ltr'>puro</span> <span class='ocrx_word' id='word_1_101' title='bbox 1284 2193 1323 2249; x_wconf 87' lang='lat' dir='ltr'>et</span> <span class='ocrx_word' id='word_1_102' title='bbox 1345 2177 1437 2249; x_wconf 92' lang='lat' dir='ltr'>nihil</span> 
     </span>
     <span class='ocr_line' id='line_1_15' title="bbox 276 2295 1436 2395; baseline 0.003 -29"><span class='ocrx_word' id='word_1_103' title='bbox 276 2321 312 2367; x_wconf 91' lang='lat' dir='ltr'>se</span> <span class='ocrx_word' id='word_1_104' title='bbox 334 2295 608 2395; x_wconf 90' lang='lat' dir='ltr'>supramodum</span> <span class='ocrx_word' id='word_1_105' title='bbox 632 2296 837 2383; x_wconf 87' lang='lat' dir='ltr'>extollente,</span> <span class='ocrx_word' id='word_1_106' title='bbox 864 2296 996 2369; x_wconf 90' lang='lat' dir='ltr'>deinde</span> <span class='ocrx_word' id='word_1_107' title='bbox 1019 2297 1172 2370; x_wconf 91' lang='lat' dir='ltr'>eandem</span> <span class='ocrx_word' id='word_1_108' title='bbox 1196 2297 1436 2393; x_wconf 86' lang='lat' dir='ltr'>gracilitatem</span> 
     </span>
     <span class='ocr_line' id='line_1_16' title="bbox 276 2415 1492 2516; baseline -0.001 -31"><span class='ocrx_word' id='word_1_109' title='bbox 276 2415 356 2486; x_wconf 86' lang='lat' dir='ltr'>stilo</span> <span class='ocrx_word' id='word_1_110' title='bbox 382 2418 521 2511; x_wconf 77' lang='lat' dir='ltr'>exigere</span> <span class='ocrx_word' id='word_1_111' title='bbox 554 2415 763 2489; x_wconf 89' lang='lat' dir='ltr'>condiscant</span> <span class='ocrx_word' id='word_1_112' title='bbox 800 2444 807 2486; x_wconf 93' lang='lat'>:</span> <span class='ocrx_word' id='word_1_113' title='bbox 848 2443 970 2489; x_wconf 79' lang='lat' dir='ltr'>versus</span> <span class='ocrx_word' id='word_1_114' title='bbox 1003 2418 1121 2516; x_wconf 92' lang='lat' dir='ltr'>primo</span> <span class='ocrx_word' id='word_1_115' title='bbox 1159 2417 1312 2506; x_wconf 89' lang='lat' dir='ltr'>solvere,</span> <span class='ocrx_word' id='word_1_116' title='bbox 1351 2444 1435 2491; x_wconf 90' lang='lat' dir='ltr'>mox</span> <span class='ocrx_word' id='word_1_117' title='bbox 1466 2443 1492 2486; x_wconf 81' lang='lat' dir='ltr'>u</span> 
     </span>
     <span class='ocr_line' id='line_1_17' title="bbox 278 2533 1437 2636; baseline 0.004 -31"><span class='ocrx_word' id='word_1_118' title='bbox 278 2537 422 2606; x_wconf 85' lang='lat' dir='ltr'>mutatis</span> <span class='ocrx_word' id='word_1_119' title='bbox 447 2533 565 2606; x_wconf 76' lang='lat' dir='ltr'>verbis</span> <span class='ocrx_word' id='word_1_120' title='bbox 599 2537 826 2633; x_wconf 89' lang='lat' dir='ltr'>interpretari</span> <span class='ocrx_word' id='word_1_121' title='bbox 857 2565 865 2607; x_wconf 77' lang='grc' dir='ltr'>ε</span> <span class='ocrx_word' id='word_1_122' title='bbox 902 2553 979 2608; x_wconf 89' lang='lat' dir='ltr'>tum</span> <span class='ocrx_word' id='word_1_123' title='bbox 1014 2537 1227 2636; x_wconf 92' lang='lat' dir='ltr'>paraphrasi</span> <span class='ocrx_word' id='word_1_124' title='bbox 1261 2537 1437 2610; x_wconf 87' lang='lat' dir='ltr'>audacius</span> 
     </span>
     <span class='ocr_line' id='line_1_18' title="bbox 277 2654 1437 2754; baseline 0.005 -30"><span class='ocrx_word' id='word_1_125' title='bbox 277 2669 432 2742; x_wconf 88' lang='lat' dir='ltr'>vertere,</span> <span class='ocrx_word' id='word_1_126' title='bbox 469 2679 538 2752; x_wconf 89' lang='lat' dir='ltr'>qua</span> <span class='ocrx_word' id='word_1_127' title='bbox 573 2669 608 2725; x_wconf 91' lang='lat' dir='ltr'>et</span> <span class='ocrx_word' id='word_1_128' title='bbox 636 2654 799 2727; x_wconf 89' lang='lat' dir='ltr'>breviare</span> <span class='ocrx_word' id='word_1_129' title='bbox 838 2658 1002 2754; x_wconf 76' lang='lat' dir='ltr'>quaedam</span> <span class='ocrx_word' id='word_1_130' title='bbox 1036 2673 1071 2729; x_wconf 95' lang='lat' dir='ltr'>et</span> <span class='ocrx_word' id='word_1_131' title='bbox 1107 2682 1296 2748; x_wconf 87' lang='lat' dir='ltr'>exornare,</span> <span class='ocrx_word' id='word_1_132' title='bbox 1336 2658 1437 2731; x_wconf 81' lang='lat' dir='ltr'>salvo</span> 
     </span>
    </p>

    <p class='ocr_par' dir='ltr' id='par_1_6' title="bbox 229 2775 1436 2995">
     <span class='ocr_line' id='line_1_19' title="bbox 229 2775 1436 2878; baseline 0.002 -29"><span class='ocrx_word' id='word_1_133' title='bbox 229 2792 247 2849; x_wconf 88' lang='lat'>3</span> <span class='ocrx_word' id='word_1_134' title='bbox 280 2775 390 2846; x_wconf 91' lang='lat' dir='ltr'>modo</span> <span class='ocrx_word' id='word_1_135' title='bbox 417 2789 531 2873; x_wconf 79' lang='lat' dir='ltr'>poetae</span> <span class='ocrx_word' id='word_1_136' title='bbox 554 2799 672 2863; x_wconf 85' lang='lat' dir='ltr'>sensu,</span> <span class='ocrx_word' id='word_1_137' title='bbox 698 2778 933 2874; x_wconf 88' lang='lat' dir='ltr'>permittitur.</span> <span class='ocrx_word' id='word_1_138' title='bbox 956 2778 1063 2866; x_wconf 88' lang='lat' dir='ltr'>Quod</span> <span class='ocrx_word' id='word_1_139' title='bbox 1084 2803 1174 2878; x_wconf 91' lang='lat' dir='ltr'>opus</span> <span class='ocrx_word' id='word_1_140' title='bbox 1199 2780 1324 2876; x_wconf 86' lang='lat' dir='ltr'>(etiam</span> <span class='ocrx_word' id='word_1_141' title='bbox 1344 2804 1436 2851; x_wconf 91' lang='lat' dir='ltr'>con·</span> 
     </span>
     <span class='ocr_line' id='line_1_20' title="bbox 276 2895 1436 2995; baseline 0.006 -31"><span class='ocrx_word' id='word_1_142' title='bbox 276 2898 461 2967; x_wconf 90' lang='lat' dir='ltr'>summatis</span> <span class='ocrx_word' id='word_1_143' title='bbox 487 2895 763 2993; x_wconf 83' lang='lat' dir='ltr'>professoribus)</span> <span class='ocrx_word' id='word_1_144' title='bbox 781 2896 941 2989; x_wconf 82' lang='lat' dir='ltr'>difficile,</span> <span class='ocrx_word' id='word_1_145' title='bbox 962 2901 1023 2995; x_wconf 90' lang='lat' dir='ltr'>qui</span> <span class='ocrx_word' id='word_1_146' title='bbox 1042 2899 1234 2971; x_wconf 90' lang='lat' dir='ltr'>commode</span> <span class='ocrx_word' id='word_1_147' title='bbox 1255 2914 1436 2971; x_wconf 80' lang='lat' dir='ltr'>tractave-</span> 
     </span>
    </p>
   </div>
   <div class='ocr_carea' id='block_1_4' title="bbox 274 3072 1438 3416">
    <p class='ocr_par' dir='ltr' id='par_1_7' title="bbox 274 3072 1438 3416">
     <span class='ocr_line' id='line_1_21' title="bbox 313 3072 1438 3148; baseline 0.006 -24"><span class='ocrx_word' id='word_1_148' title='bbox 313 3094 337 3128; x_wconf 77' lang='lat' dir='ltr'>r.</span> <span class='ocrx_word' id='word_1_149' title='bbox 352 3075 520 3127; x_wconf 84' lang='lat' dir='ltr'>mentiantur</span> <span class='ocrx_word' id='word_1_150' title='bbox 535 3091 541 3126; x_wconf 90' lang='lat'>:</span> <span class='ocrx_word' id='word_1_151' title='bbox 558 3076 580 3126; x_wconf 86' lang='grc' dir='ltr'>Α</span> <span class='ocrx_word' id='word_1_152' title='bbox 595 3074 621 3123; x_wconf 92' lang='lat' dir='ltr'>V</span> <span class='ocrx_word' id='word_1_153' title='bbox 637 3075 651 3128; x_wconf 84' lang='lat'>3</span> <span class='ocrx_word' id='word_1_154' title='bbox 663 3074 683 3127; x_wconf 90' lang='lat' dir='ltr'><strong>P</strong></span> <span class='ocrx_word' id='word_1_155' title='bbox 694 3074 718 3126; x_wconf 88' lang='lat' dir='ltr'>T</span> <span class='ocrx_word' id='word_1_156' title='bbox 733 3074 784 3126; x_wconf 85' lang='lat' dir='ltr'>FC</span> <span class='ocrx_word' id='word_1_157' title='bbox 803 3072 876 3145; x_wconf 75' lang='lat' dir='ltr'>vall,</span> <span class='ocrx_word' id='word_1_158' title='bbox 898 3093 977 3145; x_wconf 72' lang='lat'>7521,</span> <span class='ocrx_word' id='word_1_159' title='bbox 997 3079 1077 3146; x_wconf 77' lang='lat'>7723,</span> <span class='ocrx_word' id='word_1_160' title='bbox 1094 3080 1187 3148; x_wconf 75' lang='lat' dir='ltr'>Boram,</span> <span class='ocrx_word' id='word_1_161' title='bbox 1203 3075 1301 3144; x_wconf 78' lang='lat' dir='ltr'>Halm3</span> <span class='ocrx_word' id='word_1_162' title='bbox 1320 3079 1438 3131; x_wconf 80' lang='lat' dir='ltr'>mentia-</span> 
     </span>
     <span class='ocr_line' id='line_1_22' title="bbox 274 3165 1435 3236; baseline 0.006 -22"><span class='ocrx_word' id='word_1_163' title='bbox 274 3166 376 3215; x_wconf 76' lang='lat' dir='ltr'>tur2Z.</span> <span class='ocrx_word' id='word_1_164' title='bbox 389 3165 516 3234; x_wconf 84' lang='lat' dir='ltr'>-3.que</span> <span class='ocrx_word' id='word_1_165' title='bbox 532 3167 692 3236; x_wconf 71' lang='lat' dir='ltr'>(proquae):</span> <span class='ocrx_word' id='word_1_166' title='bbox 709 3181 787 3233; x_wconf 78' lang='lat'><strong>77²7·</strong></span> <span class='ocrx_word' id='word_1_167' title='bbox 804 3194 838 3204; x_wconf 91' lang='lat'>—</span> <span class='ocrx_word' id='word_1_168' title='bbox 852 3172 876 3228; x_wconf 74' lang='grc'>4.</span> <span class='ocrx_word' id='word_1_169' title='bbox 892 3183 924 3218; x_wconf 89' lang='lat' dir='ltr'>ac</span> <span class='ocrx_word' id='word_1_170' title='bbox 938 3167 1055 3219; x_wconf 88' lang='lat' dir='ltr'>curiosis</span> <span class='ocrx_word' id='word_1_171' title='bbox 1073 3185 1080 3222; x_wconf 74' lang='grc' dir='ltr'>ι</span> <span class='ocrx_word' id='word_1_172' title='bbox 1095 3167 1172 3219; x_wconf 64' lang='lat' dir='ltr'>nl-</span> <span class='ocrx_word' id='word_1_173' title='bbox 1190 3184 1230 3219; x_wconf 68' lang='grc' dir='ltr'>ια.</span> <span class='ocrx_word' id='word_1_174' title='bbox 1247 3165 1363 3220; x_wconf 83' lang='lat' dir='ltr'>fabellas</span> <span class='ocrx_word' id='word_1_175' title='bbox 1379 3185 1386 3220; x_wconf 95' lang='lat'><strong>:</strong></span> <span class='ocrx_word' id='word_1_176' title='bbox 1400 3171 1435 3236; x_wconf 82' lang='lat' dir='ltr'>Z3</span> 
     </span>
     <span class='ocr_line' id='line_1_23' title="bbox 276 3251 1436 3327; baseline 0.007 -24"><span class='ocrx_word' id='word_1_177' title='bbox 276 3251 402 3306; x_wconf 85' lang='lat' dir='ltr'>fabulas:</span> <span class='ocrx_word' id='word_1_178' title='bbox 419 3254 480 3304; x_wconf 85' lang='lat' dir='ltr'>Prat</span> <span class='ocrx_word' id='word_1_179' title='bbox 494 3254 523 3305; x_wconf 87' lang='lat' dir='ltr'>P.</span> <span class='ocrx_word' id='word_1_180' title='bbox 537 3283 572 3292; x_wconf 92' lang='lat'>·-</span> <span class='ocrx_word' id='word_1_181' title='bbox 587 3255 627 3305; x_wconf 79' lang='lat' dir='ltr'>ro.</span> <span class='ocrx_word' id='word_1_182' title='bbox 643 3253 819 3324; x_wconf 88' lang='lat' dir='ltr'>paraphrasi:</span> <span class='ocrx_word' id='word_1_183' title='bbox 831 3256 865 3323; x_wconf 80' lang='lat' dir='ltr'>Z3</span> <span class='ocrx_word' id='word_1_184' title='bbox 882 3253 1033 3327; x_wconf 84' lang='lat' dir='ltr'>periphrasi</span> <span class='ocrx_word' id='word_1_185' title='bbox 1051 3271 1058 3311; x_wconf 74' lang='grc' dir='ltr'><strong>ε</strong></span> <span class='ocrx_word' id='word_1_186' title='bbox 1074 3253 1192 3326; x_wconf 77' lang='lat' dir='ltr'>Mediol,</span> <span class='ocrx_word' id='word_1_187' title='bbox 1207 3256 1308 3319; x_wconf 68' lang='lat' dir='ltr'>Ande,</span> <span class='ocrx_word' id='word_1_188' title='bbox 1327 3258 1436 3325; x_wconf 58' lang='lat' dir='ltr'>Veraci„</span> 
     </span>
     <span class='ocr_line' id='line_1_24' title="bbox 275 3339 908 3416; baseline 0.008 -24"><span class='ocrx_word' id='word_1_189' title='bbox 275 3340 351 3393; x_wconf 69' lang='lat' dir='ltr'>Alete.</span> <span class='ocrx_word' id='word_1_190' title='bbox 372 3373 406 3380; x_wconf 86' lang='lat'><em>-</em></span> <span class='ocrx_word' id='word_1_191' title='bbox 422 3359 463 3409; x_wconf 73' lang='lat'>¹9·</span> <span class='ocrx_word' id='word_1_192' title='bbox 480 3339 672 3410; x_wconf 86' lang='lat' dir='ltr'>profectibus:</span> <span class='ocrx_word' id='word_1_193' title='bbox 688 3343 797 3413; x_wconf 75' lang='lat' dir='ltr'>conjeci.</span> <span class='ocrx_word' id='word_1_194' title='bbox 813 3344 908 3416; x_wconf 77' lang='lat' dir='ltr'>Saepe.</span> 
     </span>
    </p>
   </div>
   <div class='ocr_carea' id='block_1_5' title="bbox 195 3506 1438 4415">
    <p class='ocr_par' dir='ltr' id='par_1_8' title="bbox 195 3506 1438 4415">
     <span class='ocr_line' id='line_1_25' title="bbox 314 3506 1438 3582; baseline 0.009 -25"><span class='ocrx_word' id='word_1_195' title='bbox 314 3512 338 3557; x_wconf 76' lang='grc'>6.</span> <span class='ocrx_word' id='word_1_196' title='bbox 369 3506 462 3574; x_wconf 82' lang='lat' dir='ltr'>Aliqua</span> <span class='ocrx_word' id='word_1_197' title='bbox 492 3507 591 3558; x_wconf 81' lang='lat' dir='ltr'>nescire.</span> <span class='ocrx_word' id='word_1_198' title='bbox 623 3537 656 3546; x_wconf 95' lang='lat'><em>-</em></span> <span class='ocrx_word' id='word_1_199' title='bbox 684 3509 740 3559; x_wconf 82' lang='lat' dir='ltr'>Ceri</span> <span class='ocrx_word' id='word_1_200' title='bbox 774 3512 837 3561; x_wconf 85' lang='lat' dir='ltr'>n&#39;est</span> <span class='ocrx_word' id='word_1_201' title='bbox 877 3516 991 3566; x_wconf 84' lang='lat' dir='ltr'>membre</span> <span class='ocrx_word' id='word_1_202' title='bbox 1006 3515 1036 3564; x_wconf 86' lang='lat' dir='ltr'>de</span> <span class='ocrx_word' id='word_1_203' title='bbox 1051 3515 1074 3565; x_wconf 76' lang='lat' dir='ltr'>la</span> <span class='ocrx_word' id='word_1_204' title='bbox 1089 3514 1194 3582; x_wconf 75' lang='lat' dir='ltr'>phrase?</span> <span class='ocrx_word' id='word_1_205' title='bbox 1210 3518 1327 3565; x_wconf 78' lang='lat' dir='ltr'>Narrare</span> <span class='ocrx_word' id='word_1_206' title='bbox 1342 3516 1438 3567; x_wconf 82' lang='lat' dir='ltr'>etstifo</span> 
     </span>
     <span class='ocr_line' id='line_1_26' title="bbox 195 3581 1438 3658; baseline 0.012 -30"><span class='ocrx_word' id='word_1_207' title='bbox 195 3596 198 3600; x_wconf 65' lang='grc'><strong>’</strong></span> <span class='ocrx_word' id='word_1_208' title='bbox 277 3582 354 3646; x_wconf 89' lang='lat' dir='ltr'>qu&#39;un</span> <span class='ocrx_word' id='word_1_209' title='bbox 365 3581 486 3648; x_wconf 79' lang='lat' dir='ltr'>paradoxe</span> <span class='ocrx_word' id='word_1_210' title='bbox 496 3592 621 3648; x_wconf 82' lang='lat' dir='ltr'>apparent.</span> <span class='ocrx_word' id='word_1_211' title='bbox 634 3582 768 3643; x_wconf 81' lang='lat' dir='ltr'>Quintilien</span> <span class='ocrx_word' id='word_1_212' title='bbox 779 3594 836 3636; x_wconf 83' lang='lat' dir='ltr'>rent</span> <span class='ocrx_word' id='word_1_213' title='bbox 877 3591 976 3656; x_wconf 77' lang='lat' dir='ltr'>erigere</span> <span class='ocrx_word' id='word_1_214' title='bbox 995 3590 1142 3641; x_wconf 73' lang='lat' dir='ltr'>serment-ila</span> <span class='ocrx_word' id='word_1_215' title='bbox 1153 3591 1177 3640; x_wconf 79' lang='lat' dir='ltr'>le</span> <span class='ocrx_word' id='word_1_216' title='bbox 1190 3590 1306 3658; x_wconf 73' lang='lat' dir='ltr'>precepte</span> <span class='ocrx_word' id='word_1_217' title='bbox 1319 3591 1438 3658; x_wconf 70' lang='lat' dir='ltr'>general?</span> 
     </span>
     <span class='ocr_line' id='line_1_27' title="bbox 277 3657 1435 3734; baseline 0.012 -29"><span class='ocrx_word' id='word_1_218' title='bbox 277 3673 325 3721; x_wconf 88' lang='lat' dir='ltr'>qne</span> <span class='ocrx_word' id='word_1_219' title='bbox 338 3657 361 3706; x_wconf 90' lang='lat' dir='ltr'>le</span> <span class='ocrx_word' id='word_1_220' title='bbox 373 3657 546 3722; x_wconf 74' lang='lat' dir='ltr'>grammairien</span> <span class='ocrx_word' id='word_1_221' title='bbox 559 3657 666 3708; x_wconf 69' lang='lat' dir='ltr'>memele</span> <span class='ocrx_word' id='word_1_222' title='bbox 675 3659 836 3726; x_wconf 84' lang='lat' dir='ltr'>plnsinstruit</span> <span class='ocrx_word' id='word_1_223' title='bbox 876 3663 979 3727; x_wconf 68' lang='lat' dir='ltr'>solvere,</span> <span class='ocrx_word' id='word_1_224' title='bbox 1006 3667 1168 3734; x_wconf 82' lang='lat' dir='ltr'>interpretari</span> <span class='ocrx_word' id='word_1_225' title='bbox 1179 3676 1203 3716; x_wconf 89' lang='lat' dir='ltr'>et</span> <span class='ocrx_word' id='word_1_226' title='bbox 1214 3678 1324 3728; x_wconf 71' lang='lat' dir='ltr'>vertere,</span> <span class='ocrx_word' id='word_1_227' title='bbox 1342 3669 1380 3719; x_wconf 79' lang='lat' dir='ltr'>les</span> <span class='ocrx_word' id='word_1_228' title='bbox 1397 3671 1435 3719; x_wconf 88' lang='lat' dir='ltr'>di·</span> 
     </span>
     <span class='ocr_line' id='line_1_28' title="bbox 277 3732 1437 3810; baseline 0.01 -29"><span class='ocrx_word' id='word_1_229' title='bbox 277 3732 363 3798; x_wconf 80' lang='lat' dir='ltr'>ignore</span> <span class='ocrx_word' id='word_1_230' title='bbox 370 3732 489 3784; x_wconf 81' lang='lat' dir='ltr'>certaines</span> <span class='ocrx_word' id='word_1_231' title='bbox 499 3732 622 3795; x_wconf 85' lang='lat' dir='ltr'>histoires,</span> <span class='ocrx_word' id='word_1_232' title='bbox 632 3736 750 3786; x_wconf 77' lang='lat' dir='ltr'>certainee</span> <span class='ocrx_word' id='word_1_233' title='bbox 757 3735 833 3788; x_wconf 81' lang='lat' dir='ltr'>lables</span> <span class='ocrx_word' id='word_1_234' title='bbox 877 3755 932 3788; x_wconf 83' lang='lat' dir='ltr'>rers</span> <span class='ocrx_word' id='word_1_235' title='bbox 942 3756 1043 3807; x_wconf 86' lang='lat' dir='ltr'>moyem</span> <span class='ocrx_word' id='word_1_236' title='bbox 1057 3741 1231 3809; x_wconf 81' lang='lat' dir='ltr'>d’applieation</span> <span class='ocrx_word' id='word_1_237' title='bbox 1245 3742 1362 3808; x_wconf 59' lang='lat' dir='ltr'>indique</span> <span class='ocrx_word' id='word_1_238' title='bbox 1371 3760 1437 3810; x_wconf 84' lang='lat' dir='ltr'>ponr</span> 
     </span>
     <span class='ocr_line' id='line_1_29' title="bbox 278 3809 1438 3887; baseline 0.011 -29"><span class='ocrx_word' id='word_1_239' title='bbox 278 3824 333 3859; x_wconf 82' lang='lat' dir='ltr'>sem</span> <span class='ocrx_word' id='word_1_240' title='bbox 345 3809 428 3858; x_wconf 74' lang='lat' dir='ltr'>raleur</span> <span class='ocrx_word' id='word_1_241' title='bbox 440 3818 464 3858; x_wconf 92' lang='lat' dir='ltr'>et</span> <span class='ocrx_word' id='word_1_242' title='bbox 477 3809 648 3877; x_wconf 81' lang='lat' dir='ltr'>parfaitement</span> <span class='ocrx_word' id='word_1_243' title='bbox 660 3810 770 3862; x_wconf 80' lang='lat' dir='ltr'>inutiles.</span> <span class='ocrx_word' id='word_1_244' title='bbox 786 3811 806 3862; x_wconf 93' lang='lat' dir='ltr'>ll</span> <span class='ocrx_word' id='word_1_245' title='bbox 821 3829 834 3862; x_wconf 85' lang='lat' dir='ltr'>a</span> <span class='ocrx_word' id='word_1_246' title='bbox 876 3816 954 3865; x_wconf 67' lang='lat' dir='ltr'>servir</span> <span class='ocrx_word' id='word_1_247' title='bbox 964 3817 995 3866; x_wconf 86' lang='lat' dir='ltr'>de</span> <span class='ocrx_word' id='word_1_248' title='bbox 1006 3816 1209 3885; x_wconf 77' lang='lat' dir='ltr'>dereloppement</span> <span class='ocrx_word' id='word_1_249' title='bbox 1221 3818 1234 3867; x_wconf 77' lang='lat' dir='ltr'>i</span> <span class='ocrx_word' id='word_1_250' title='bbox 1246 3834 1275 3868; x_wconf 83' lang='lat' dir='ltr'>ee</span> <span class='ocrx_word' id='word_1_251' title='bbox 1288 3821 1372 3870; x_wconf 69' lang='lat' dir='ltr'>meme</span> <span class='ocrx_word' id='word_1_252' title='bbox 1381 3820 1438 3887; x_wconf 72' lang='grc' dir='ltr'>μέ·</span> 
     </span>
     <span class='ocr_line' id='line_1_30' title="bbox 278 3885 1435 3961; baseline 0.011 -27"><span class='ocrx_word' id='word_1_253' title='bbox 278 3886 369 3935; x_wconf 80' lang='lat' dir='ltr'>raison.</span> <span class='ocrx_word' id='word_1_254' title='bbox 394 3885 427 3934; x_wconf 84' lang='lat' dir='ltr'>Le</span> <span class='ocrx_word' id='word_1_255' title='bbox 441 3885 493 3936; x_wconf 80' lang='lat' dir='ltr'>urai</span> <span class='ocrx_word' id='word_1_256' title='bbox 515 3895 600 3936; x_wconf 73' lang='lat' dir='ltr'>serant</span> <span class='ocrx_word' id='word_1_257' title='bbox 614 3903 645 3936; x_wconf 89' lang='lat' dir='ltr'>ne</span> <span class='ocrx_word' id='word_1_258' title='bbox 658 3886 775 3938; x_wconf 84' lang='lat' dir='ltr'>s&#39;attache</span> <span class='ocrx_word' id='word_1_259' title='bbox 792 3904 835 3955; x_wconf 86' lang='lat' dir='ltr'>pas</span> <span class='ocrx_word' id='word_1_260' title='bbox 875 3897 960 3957; x_wconf 80' lang='lat' dir='ltr'>cepte?</span> <span class='ocrx_word' id='word_1_261' title='bbox 974 3893 1105 3943; x_wconf 78' lang='lat' dir='ltr'>maisdam</span> <span class='ocrx_word' id='word_1_262' title='bbox 1116 3902 1178 3944; x_wconf 81' lang='lat' dir='ltr'>cette</span> <span class='ocrx_word' id='word_1_263' title='bbox 1189 3892 1330 3961; x_wconf 68' lang='lat' dir='ltr'>hypothese</span> <span class='ocrx_word' id='word_1_264' title='bbox 1341 3899 1435 3955; x_wconf 73' lang='lat' dir='ltr'>neme,</span> 
     </span>
     <span class='ocr_line' id='line_1_31' title="bbox 279 3961 1437 4020; baseline 0.009 -11"><span class='ocrx_word' id='word_1_265' title='bbox 279 3977 325 4011; x_wconf 82' lang='lat' dir='ltr'>aux</span> <span class='ocrx_word' id='word_1_266' title='bbox 338 3961 447 4011; x_wconf 75' lang='lat' dir='ltr'>futilites.</span> <span class='ocrx_word' id='word_1_267' title='bbox 875 3978 1000 4018; x_wconf 80' lang='lat' dir='ltr'>comment</span> <span class='ocrx_word' id='word_1_268' title='bbox 1018 3969 1135 4019; x_wconf 72' lang='lat' dir='ltr'>concilior</span> <span class='ocrx_word' id='word_1_269' title='bbox 1153 3969 1188 4019; x_wconf 80' lang='lat' dir='ltr'>les</span> <span class='ocrx_word' id='word_1_270' title='bbox 1204 3969 1269 4020; x_wconf 76' lang='lat' dir='ltr'>idees</span> <span class='ocrx_word' id='word_1_271' title='bbox 1288 3969 1437 4020; x_wconf 80' lang='lat' dir='ltr'>d&#39;audocins</span> 
     </span>
     <span class='ocr_line' id='line_1_32' title="bbox 313 4036 1437 4104; baseline 0.009 -18"><span class='ocrx_word' id='word_1_272' title='bbox 313 4041 352 4086; x_wconf 84' lang='lat'>10.</span> <span class='ocrx_word' id='word_1_273' title='bbox 375 4036 476 4085; x_wconf 83' lang='lat' dir='ltr'>Dicendi</span> <span class='ocrx_word' id='word_1_274' title='bbox 496 4037 643 4104; x_wconf 83' lang='lat' dir='ltr'>primordia.</span> <span class='ocrx_word' id='word_1_275' title='bbox 665 4068 698 4076; x_wconf 92' lang='lat'><em>-</em></span> <span class='ocrx_word' id='word_1_276' title='bbox 716 4040 779 4089; x_wconf 88' lang='lat' dir='ltr'>C’est</span> <span class='ocrx_word' id='word_1_277' title='bbox 802 4057 829 4089; x_wconf 88' lang='lat' dir='ltr'>ce</span> <span class='ocrx_word' id='word_1_278' title='bbox 875 4055 970 4092; x_wconf 79' lang='lat' dir='ltr'>ecrtere</span> <span class='ocrx_word' id='word_1_279' title='bbox 985 4055 1009 4094; x_wconf 84' lang='lat' dir='ltr'>et</span> <span class='ocrx_word' id='word_1_280' title='bbox 1024 4046 1170 4094; x_wconf 75' lang='lat' dir='ltr'>d&#39;eeornare</span> <span class='ocrx_word' id='word_1_281' title='bbox 1183 4061 1241 4095; x_wconf 75' lang='lat' dir='ltr'>uec</span> <span class='ocrx_word' id='word_1_282' title='bbox 1252 4045 1316 4096; x_wconf 84' lang='lat' dir='ltr'>celle</span> <span class='ocrx_word' id='word_1_283' title='bbox 1328 4047 1361 4096; x_wconf 87' lang='lat' dir='ltr'>de</span> <span class='ocrx_word' id='word_1_284' title='bbox 1376 4065 1437 4096; x_wconf 85' lang='lat' dir='ltr'>ean-</span> 
     </span>
     <span class='ocr_line' id='line_1_33' title="bbox 276 4112 1127 4186; baseline 0.011 -26"><span class='ocrx_word' id='word_1_285' title='bbox 276 4129 324 4178; x_wconf 77' lang='lat' dir='ltr'>que</span> <span class='ocrx_word' id='word_1_286' title='bbox 335 4114 368 4161; x_wconf 89' lang='lat' dir='ltr'>les</span> <span class='ocrx_word' id='word_1_287' title='bbox 376 4112 452 4162; x_wconf 84' lang='lat' dir='ltr'>Grecs</span> <span class='ocrx_word' id='word_1_288' title='bbox 467 4113 592 4180; x_wconf 81' lang='lat' dir='ltr'>appellent</span> <span class='ocrx_word' id='word_1_289' title='bbox 598 4126 830 4184; x_wconf 68' lang='lat' dir='ltr'>progrmuasmaia.</span> <span class='ocrx_word' id='word_1_290' title='bbox 873 4117 925 4167; x_wconf 84' lang='lat' dir='ltr'>dem</span> <span class='ocrx_word' id='word_1_291' title='bbox 936 4119 1127 4186; x_wconf 75' lang='lat' dir='ltr'>gracilitatem?</span> 
     </span>
     <span class='ocr_line' id='line_1_34' title="bbox 313 4194 1438 4263; baseline 0.009 -21"><span class='ocrx_word' id='word_1_292' title='bbox 313 4194 767 4259; x_wconf 79' lang='lat' dir='ltr'>12.IgiturAEsopi...permittitur.-</span> <span class='ocrx_word' id='word_1_293' title='bbox 775 4196 831 4246; x_wconf 85' lang='lat' dir='ltr'>Pot·</span> <span class='ocrx_word' id='word_1_294' title='bbox 909 4199 948 4245; x_wconf 78' lang='lat'>16.</span> <span class='ocrx_word' id='word_1_295' title='bbox 963 4195 1165 4263; x_wconf 67' lang='lat' dir='ltr'>paraphrasi-</span> <span class='ocrx_word' id='word_1_296' title='bbox 1177 4196 1265 4262; x_wconf 77' lang='lat' dir='ltr'>Regius</span> <span class='ocrx_word' id='word_1_297' title='bbox 1275 4207 1365 4251; x_wconf 83' lang='lat' dir='ltr'>trouve</span> <span class='ocrx_word' id='word_1_298' title='bbox 1372 4202 1438 4252; x_wconf 82' lang='lat' dir='ltr'>ridi·</span> 
     </span>
     <span class='ocr_line' id='line_1_35' title="bbox 277 4269 1436 4341; baseline 0.008 -23"><span class='ocrx_word' id='word_1_299' title='bbox 277 4269 724 4335; x_wconf 76' lang='lat' dir='ltr'>tierdeclarenepasxoirclairement</span> <span class='ocrx_word' id='word_1_300' title='bbox 738 4272 831 4321; x_wconf 82' lang='lat' dir='ltr'>lasnite</span> <span class='ocrx_word' id='word_1_301' title='bbox 872 4271 939 4320; x_wconf 80' lang='lat' dir='ltr'>cules</span> <span class='ocrx_word' id='word_1_302' title='bbox 956 4287 1016 4321; x_wconf 87' lang='lat' dir='ltr'>ceux</span> <span class='ocrx_word' id='word_1_303' title='bbox 1029 4273 1072 4337; x_wconf 90' lang='lat' dir='ltr'>qui</span> <span class='ocrx_word' id='word_1_304' title='bbox 1094 4273 1191 4323; x_wconf 78' lang='lat' dir='ltr'>xerrleut</span> <span class='ocrx_word' id='word_1_305' title='bbox 1210 4273 1257 4324; x_wconf 85' lang='lat' dir='ltr'>lire</span> <span class='ocrx_word' id='word_1_306' title='bbox 1274 4275 1436 4341; x_wconf 78' lang='lat' dir='ltr'>periphrasi.</span> 
     </span>
     <span class='ocr_line' id='line_1_36' title="bbox 278 4345 1039 4415; baseline 0.007 -22"><span class='ocrx_word' id='word_1_307' title='bbox 278 4354 301 4393; x_wconf 85' lang='lat' dir='ltr'>et</span> <span class='ocrx_word' id='word_1_308' title='bbox 310 4346 331 4393; x_wconf 90' lang='lat' dir='ltr'>la</span> <span class='ocrx_word' id='word_1_309' title='bbox 344 4345 430 4395; x_wconf 87' lang='lat' dir='ltr'>liaison</span> <span class='ocrx_word' id='word_1_310' title='bbox 442 4346 483 4394; x_wconf 82' lang='lat' dir='ltr'>des</span> <span class='ocrx_word' id='word_1_311' title='bbox 493 4345 565 4396; x_wconf 76' lang='lat' dir='ltr'>idees.</span> <span class='ocrx_word' id='word_1_312' title='bbox 578 4346 637 4407; x_wconf 80' lang='lat' dir='ltr'>Quel</span> <span class='ocrx_word' id='word_1_313' title='bbox 648 4358 684 4398; x_wconf 87' lang='lat' dir='ltr'>est</span> <span class='ocrx_word' id='word_1_314' title='bbox 696 4349 719 4398; x_wconf 87' lang='lat' dir='ltr'>le</span> <span class='ocrx_word' id='word_1_315' title='bbox 731 4356 832 4415; x_wconf 83' lang='lat' dir='ltr'>rapport</span> <span class='ocrx_word' id='word_1_316' title='bbox 874 4346 911 4398; x_wconf 75' lang='lat' dir='ltr'>Cf.</span> <span class='ocrx_word' id='word_1_317' title='bbox 927 4347 956 4407; x_wconf 78' lang='grc' dir='ltr'>Χ,</span> <span class='ocrx_word' id='word_1_318' title='bbox 972 4351 997 4409; x_wconf 77' lang='lat'>5,</span> <span class='ocrx_word' id='word_1_319' title='bbox 1015 4352 1039 4398; x_wconf 75' lang='lat'>5.</span> 
     </span>
    </p>
   </div>
   <div class='ocr_carea' id='block_1_6' title="bbox 279 4423 1438 4497">
    <p class='ocr_par' dir='ltr' id='par_1_9' title="bbox 279 4423 1438 4497">
     <span class='ocr_line' id='line_1_37' title="bbox 279 4423 1438 4497; baseline 0.01 -29"><span class='ocrx_word' id='word_1_320' title='bbox 279 4423 321 4484; x_wconf 90' lang='lat' dir='ltr'>qni</span> <span class='ocrx_word' id='word_1_321' title='bbox 336 4423 413 4472; x_wconf 83' lang='lat' dir='ltr'>existe</span> <span class='ocrx_word' id='word_1_322' title='bbox 431 4434 499 4474; x_wconf 84' lang='lat' dir='ltr'>entre</span> <span class='ocrx_word' id='word_1_323' title='bbox 513 4426 535 4474; x_wconf 85' lang='lat' dir='ltr'>le</span> <span class='ocrx_word' id='word_1_324' title='bbox 548 4427 654 4491; x_wconf 83' lang='lat' dir='ltr'>premier</span> <span class='ocrx_word' id='word_1_325' title='bbox 667 4437 691 4476; x_wconf 81' lang='lat' dir='ltr'>el</span> <span class='ocrx_word' id='word_1_326' title='bbox 706 4428 729 4477; x_wconf 86' lang='lat' dir='ltr'>le</span> <span class='ocrx_word' id='word_1_327' title='bbox 743 4427 831 4476; x_wconf 87' lang='lat' dir='ltr'>second</span> <span class='ocrx_word' id='word_1_328' title='bbox 911 4426 948 4472; x_wconf 77' lang='lat'>18.</span> <span class='ocrx_word' id='word_1_329' title='bbox 975 4425 1154 4476; x_wconf 79' lang='lat' dir='ltr'>Consummatis</span> <span class='ocrx_word' id='word_1_330' title='bbox 1171 4426 1373 4497; x_wconf 76' lang='lat' dir='ltr'>professoribus.</span> <span class='ocrx_word' id='word_1_331' title='bbox 1403 4465 1438 4476; x_wconf 89' lang='lat'>.-</span> 
     </span>
    </p>
   </div>
   <div class='ocr_carea' id='block_1_7' title="bbox 0 0 1636 5340">
    <p class='ocr_par' dir='ltr' id='par_1_10' title="bbox 0 0 1636 5340">
     <span class='ocr_line' id='line_1_38' title="bbox 0 0 1636 5340; baseline 0 0"><span class='ocrx_word' id='word_1_332' title='bbox 0 0 1636 5340; x_wconf 95' lang='lat' dir='ltr'> </span> 
     </span>
    </p>
   </div>
  </div>
 </body>
</html>
