3248 5340
233 499 285 551 100
566 491 605 547 tt.
631 491 747 548 Faatl
770 491 1051 564 QUINTILIANI

231 645 364 716 roboris
381 659 417 715 et
442 643 564 731 eboris,
584 644 731 743 sulpluu·
745 658 865 714 autem
884 658 921 714 et
931 659 1054 739 gratur
1068 669 1092 714 u
1109 641 1266 715 litteram
1283 644 1323 714 in
1341 668 1402 739 ge·

232 766 344 837 nitivo
368 778 511 836 servent
534 791 541 834 :
566 762 724 860 ideoque
736 763 844 858 jecur
858 765 965 835 etiam
985 778 1021 834 et
1031 766 1157 856 femur
1173 777 1398 836 controver-

164 895 202 954 23
232 884 321 956 siam
343 884 516 956 lecerunt.
535 882 642 971 Quod
658 908 731 955 non
755 885 873 955 miuus
890 899 944 955 est
958 883 1203 975 licentiosum,
1228 907 1345 980 quam
1368 885 1398 956 si

228 1006 385 1104 sulphure
409 1019 446 1075 et
470 1006 608 1099 gutturi
627 1003 845 1099 subjicerent
860 1005 897 1075 in
918 1004 1074 1100 genitivo
1097 1003 1253 1075 litteram
1277 1029 1298 1074 o
1323 1028 1397 1076 me·

229 1125 339 1216 diam,
360 1125 443 1221 quia
463 1138 555 1195 esset
575 1123 686 1195 eboris
699 1140 733 1195 et
747 1123 879 1194 roboris
901 1152 908 1195 :
928 1124 1021 1196 sicut
1038 1123 1213 1194 Antonius
1224 1123 1393 1221 Gnipho,
1436 1155 1449 1198 a

228 1246 292 1341 qui
305 1244 410 1315 robur
425 1244 571 1343 quidem
591 1258 626 1315 et
641 1243 726 1314 ebrrr
739 1259 847 1341 atque
865 1245 972 1315 etiam
984 1268 1146 1314 marmur
1158 1242 1394 1336 lateturesse,

163 1384 201 1443 at
230 1389 355 1437 verum
376 1364 452 1436 lieri
471 1363 548 1435 vult
569 1390 611 1435 ex
631 1364 686 1435 liis
703 1364 822 1453 oliuu,
840 1365 981 1454 robure,
1004 1389 1199 1437 murmura.
1222 1362 1337 1451 Quod
1366 1365 1394 1436 si

229 1484 556 1557 animadverterent
575 1485 773 1555 litterarum
788 1483 1018 1575 affinitatem,
1038 1486 1170 1556 scirent
1184 1485 1234 1556 sic
1255 1484 1304 1555 ab
1332 1508 1393 1574 eo,

228 1604 328 1702 quod
342 1619 394 1675 est
412 1604 516 1675 robur
529 1603 661 1675 roboris
682 1603 771 1692 sieri,
797 1604 984 1701 quomodo
1000 1604 1048 1676 al)
1067 1629 1124 1695 ec,
1137 1603 1239 1701 quod
1259 1618 1313 1675 est
1328 1606 1393 1674 mi·

228 1726 406 1813 laelium,
421 1722 542 1794 mairiu
561 1725 694 1815 limitis,
706 1725 830 1818 judae
848 1723 992 1811 uindex,
1011 1723 1149 1819 judicis
1175 1723 1347 1814 vindicis,
1359 1739 1396 1796 et
1423 1751 1449 1796 so

162 1864 199 1921 25
227 1871 306 1944 quae
320 1868 428 1943 supra
447 1843 523 1939 jam
538 1844 651 1939 attigi.
674 1842 770 1933 Quid
791 1867 876 1917 vero
898 1844 1012 1942 quod,
1033 1861 1072 1916 ut
1094 1842 1272 1934 dicebam,
1295 1846 1396 1918 simi-

227 1965 278 2036 les
295 1965 494 2062 positiones
510 1965 547 2035 in
562 1963 669 2060 longe
684 1962 840 2036 diversas
859 1962 989 2058 ligures
1008 1989 1074 2063 per
1099 1962 1268 2062 obliquos
1286 1988 1395 2036 casus

227 2085 376 2154 exeunt?
392 2098 432 2154 ut
455 2086 557 2184 uirgo
573 2089 677 2172 luno,
698 2088 801 2183 [ruris
823 2084 932 2173 lusus,
955 2087 1071 2185 cuspis
1084 2085 1213 2184 puppis
1229 2098 1267 2154 et
1290 2084 1395 2156 mille

226 2203 314 2274 alia?
336 2228 419 2274 cum
442 2203 532 2275 illud
551 2206 659 2275 etiam
674 2204 826 2294 accidat,
844 2218 883 2275 ut
906 2203 1072 2301 qtraedam
1093 2203 1282 2302 pluraliter
1314 2230 1395 2277 non

227 2321 406 2415 dicantur,
427 2322 592 2420 quaedam
611 2338 736 2395 contra
758 2322 928 2420 singulari
953 2349 1117 2412 numera,
1138 2322 1309 2421 quadam
1331 2349 1395 2396 ca·
1425 2360 1452 2406 15

227 2441 325 2513 sibus
350 2457 508 2528 careant,
531 2443 729 2538 quaedama
749 2445 876 2542 primis
907 2443 1026 2515 statim
1047 2442 1289 2541 positionibus
1315 2460 1394 2516 tota

160 2578 199 2637 26
228 2576 422 2652 mittentur,
449 2577 486 2632 ut
508 2565 680 2661 luppiter.
702 2564 809 2651 Quod
831 2562 949 2635 verbis
970 2565 1079 2635 etiam
1102 2563 1247 2652 accidit,
1278 2580 1318 2635 ut
1341 2565 1398 2638 illi

265 2798 287 2831 1.
300 2777 417 2851 sulphur
429 2778 468 2830 :N
481 2778 563 2849 ebs,
575 2780 658 2849 77253
669 2777 766 2849 sulpur
776 2798 783 2833 :
792 2783 814 2833 Λ
823 2782 853 2849 B,
865 2779 962 2848 Holm3
973 2779 1082 2836 sulfur:
1098 2783 1128 2835 Z.
1143 2809 1174 2820 -
1193 2781 1251 2834 1-3.
1270 2779 1398 2853 sulphur

225 2877 318 2920 autem
333 2869 423 2920 minus
435 2878 476 2921 est
485 2866 659 2921 licentiosum
673 2869 713 2923 :N
726 2868 840 2939 (diculus
850 2867 926 2922 liueis
937 2869 1060 2938 omissis).
1069 2901 1103 2908 -
1120 2890 1144 2921 a.
1153 2867 1233 2939 jecur
1243 2870 1327 2922 etiam
1340 2885 1370 2924 et
1388 2889 1396 2927 ε

227 2957 282 3008 ΡΤ
297 2957 328 3026 F,
343 2955 537 3027 77253jecuret
545 2968 572 3010 et
586 2975 593 3011 :
608 2960 644 3027 A3
656 2957 738 3010 etiam
745 2957 825 3029 jecur
839 2969 884 3012 et:
901 2960 1034 3032 Z,p1·uter
1047 2960 1152 3030 Ouum,
1167 2956 1292 3025 Medici„
1310 2958 1395 3028 Atre,

227 3044 294 3100 aad.
319 3045 346 3098 iu
367 3045 463 3118 quibus
479 3045 561 3117 jecur
576 3046 659 3099 etiam
673 3058 710 3100 et.
727 3077 761 3086 —
779 3065 820 3100 11.
835 3046 912 3113 Quid
926 3065 988 3100 vero
1004 3045 1089 3117 quod,
1104 3045 1289 3115 statuebam,
1306 3049 1397 3100 simi-

226 3133 280 3188 les:
293 3137 329 3206 A3
342 3134 409 3206 quid
421 3152 484 3188 vero
495 3135 596 3188 similes
610 3135 686 3206 qtmd
700 3146 732 3189 ut
743 3135 868 3188 dicebam
884 3152 890 3191 :
907 3137 961 3189 BN
974 3138 1025 3189 Pa
1042 3137 1117 3188 aTF
1127 3134 1176 3188 Esc
1188 3155 1201 3186 s
1211 3140 1251 3201 (1¹
1266 3135 1317 3206 m),
1330 3139 1398 3190 Me—

225 3223 300 3284 diota
315 3224 382 3296 quid
393 3241 456 3277 vero
471 3223 493 3277 si
506 3223 607 3276 similes
623 3236 653 3277 ut
670 3222 794 3276 dicebam
813 3232 912 3294 :772ss
928 3223 989 3294 Tol,
1009 3228 1117 3298 Cunrp.;
1132 3223 1200 3294 quid
1216 3242 1272 3276 non
1286 3226 1399 3281 similes

267 3397 330 3441 1,-
339 3412 352 3435 a
362 3389 473 3459 Sulplmr
480 3391 555 3442 scribi
569 3393 649 3456 placet
659 3393 776 3455 litantia,
823 3391 875 3441 tino
885 3411 1004 3442 sermore.
1016 3394 1054 3444 cf.
1067 3392 1138 3444 Suet.
1151 3397 1186 3441 De
1193 3409 1305 3460 gramm.
1316 3395 1347 3445 C.
1363 3400 1395 3457 ῖς

228 3486 241 3509 u
262 3466 319 3530 quia
338 3465 363 3513 ia
381 3474 433 3530 opt.
454 3464 511 3516 Mss.
533 3465 638 3516 habetur
659 3466 777 3534 sulfur...
821 3469 929 3519 Macrob.
944 3469 1048 3520 Sutura.
1067 3469 1121 3530 xll,
1134 3472 1158 3518 3.

229 3561 241 3585 a
256 3540 356 3591 Veteres
369 3540 435 3589 enim
455 3540 563 3590 Graecam
582 3557 634 3590 esse
645 3542 779 3592 dictionem
858 3545 898 3592 ll.
919 3540 986 3606 Quid
1004 3561 1059 3593 sero
1081 3540 1155 3614 quod.
1170 3570 1203 3579 —
1221 3541 1259 3592 0n
1279 3545 1399 3608 pourrait

228 3637 241 3662 a
260 3615 373 3666 arbitrati
388 3625 453 3675 sunt,
466 3625 491 3665 et
506 3616 532 3664 in
545 3616 666 3666 similibus
680 3634 730 3667 noa
742 3634 781 3668 so-
821 3617 957 3681 agrimens
967 3629 1080 3684 acceptor
1097 3620 1119 3668 le
1134 3627 1259 3684 testeque
1275 3618 1386 3670 danaen

228 3712 241 3737 a
256 3691 781 3760 lebantaspirationemapponere...Contra
822 3694 845 3742 le
860 3694 915 3743 uss.
937 3698 1000 3746 tiit
1021 3692 1150 3759 (Bibliotls.
1175 3694 1251 3756 παι),
1274 3695 1342 3745 celui
1362 3697 1397 3746 de

229 3789 242 3813 a
252 3766 349 3817 Vossius
359 3768 384 3817 in
393 3767 576 3834 Etymol.‚quia
590 3784 637 3819 vox
649 3777 686 3818 est
694 3768 778 3827 latitia,
823 3769 917 3819 Teleda
930 3779 955 3819 et
967 3770 1080 3820 t’adision
1098 3770 1129 3819 de
1141 3769 1269 3835 Campani.

230 3864 242 3887 ιι
268 3842 355 3911 sulfur
376 3843 481 3910 praefert.
505 3864 518 3889 υ
550 3844 723 3895 Foncatttttt.
748 3873 781 3882 —
858 3849 896 3895 li.
914 3845 1036 3914 luppiter.
1050 3873 1082 3884 -
1104 3845 1251 3906 Forcellini,
1265 3844 1394 3898 d'sccord

229 3940 240 3963 «ι
260 3918 353 3989 sulpur
370 3928 409 3969 est
426 3919 522 3987 appuye
550 3936 593 3986 par
623 3921 645 3969 la
664 3919 781 3970 tradition
822 3935 881 3970 auec
902 3921 962 3971 atde
983 3923 1084 3973 Menace
1104 3931 1129 3972 et
1149 3921 1269 3971 cellarius
1296 3924 1396 3986 (1638-

229 4015 241 4038 ιι
255 3995 297 4044 des
308 3995 433 4044 meilleurs
443 3997 499 4047 Mss.
511 4023 544 4034 -
559 3996 691 4046 Forcclliui
701 3997 782 4045 donne
827 3996 911 4057 stoa),
922 4005 979 4044 sent
988 4013 1034 4061 que
1041 4012 1068 4045 ce
1078 4004 1129 4045 mot
1138 3995 1279 4063 aitdeuxp,
1289 3995 1395 4062 d’apris

229 4094 240 4114 ιι
261 4071 284 4120 la
297 4069 437 4136 preference
453 4072 466 4120 i
479 4069 585 4139 sulphur
599 4072 668 4134 (auec
681 4071 782 4120 Marruca
824 4077 858 4125 les
868 4071 935 4133 lisa,
949 4072 983 4120 les
996 4071 1122 4121 midailles
1133 4079 1156 4120 et
1167 4070 1203 4120 les
1215 4070 1392 4136 inscriptions,

229 4168 241 4191 a
257 4154 281 4195 et
293 4144 436 4211 Dausquius)
450 4162 481 4195 en
502 4146 687 4196 reconnaissent
702 4145 783 4196 l'cxis·
825 4145 881 4194 bien
892 4162 939 4210 que
949 4147 1097 4212 Dausquius‚
1112 4147 1206 4212 d'aprcs
1222 4146 1396 4212 l'etymologie

229 4242 241 4265 ιι
265 4230 334 4272 tenca
360 4222 390 4270 de
406 4220 494 4284 sulpur
518 4222 579 4271 dans
596 4222 630 4271 les
657 4229 742 4271 textas.
769 4241 781 4266 u
825 4230 849 4270 et
870 4222 987 4287 quelques
1006 4231 1087 4272 autres
1104 4221 1234 4283 asterites,
1253 4223 1395 4274 n‘admctte

228 4296 335 4360 Benoist‚
356 4296 429 4364 Virg.
442 4302 468 4347 2⁰
480 4297 553 4357 edit,
566 4306 584 4347 t.
598 4297 638 4356 ΙΝ,
652 4315 677 4364 p.
688 4310 782 4349 Lxxtx.
825 4297 901 4362 qu'uu
915 4298 966 4346 seul
982 4316 1009 4364 p.
1024 4298 1103 4348 -Οἱ
1118 4298 1230 4354 Comsen,
1252 4303 1385 4368 Ausspra·

262 4374 288 4421 5.
301 4400 334 4409 —
344 4375 464 4423 Arrtouius
483 4372 594 4442 Guiplro,
608 4383 691 4423 suvant
708 4388 785 4437 gram·
829 4371 881 4434 clu,
897 4383 957 4436 etc„
973 4376 999 4421 2⁰
1014 4373 1087 4432 edit,
1103 4385 1121 4424 t.
1140 4375 1159 4432 l,
1175 4391 1199 4439 p.
1211 4377 1239 4423 21
1249 4377 1270 4423 l.

227 4447 330 4496 mairien
345 4448 386 4513 qui
401 4466 415 4498 a
433 4449 505 4499 laissi
522 4450 584 4498 dorix
607 4448 678 4499 liures
693 4446 723 4497 de
738 4454 785 4499 La·
863 4453 901 4500 li.
921 4453 951 4498 tu
962 4448 1003 4498 illi
1012 4449 1079 4516 sero.
1091 4478 1125 4488 -
1135 4450 1168 4500 Le
1178 4450 1394 4520 textedonnepar
