3248 5340
191 473 193 478 ’
282 499 317 548 aa
614 492 1106 565 l1.uau11QU1nr1nmm

282 645 402 739 grrecis
420 645 554 715 utimur
572 643 704 733 verbis,
725 643 786 715 ubi
803 658 924 716 nostra
941 644 1085 733 desunt,
1108 646 1201 716 sicut
1219 645 1302 716 illia
1319 645 1432 717 nobis

283 789 546 862 nonnunquam
566 779 789 835 mutuantur.
818 765 907 836 Inde
932 764 990 836 illa
1015 767 1164 862 questio
1183 767 1356 854 exoritur,
1389 791 1437 837 an

283 884 409 955 eadem
430 886 569 955 ratione
593 910 659 983 per
674 909 775 956 casus
790 884 873 956 duci
899 900 1046 956 externa
1068 910 1140 983 qua
1155 901 1273 957 nostra
1294 911 1436 958 conve·

218 1023 257 1083 59
285 1005 370 1074 niat.
395 1008 444 1075 Ac
469 1006 497 1074 si
531 1006 687 1103 reperias
724 1006 998 1099 grammaticum
1023 1020 1185 1077 veterum
1217 1021 1442 1088 amatorem,

284 1139 391 1219 neget
412 1126 607 1221 quicquam
621 1149 664 1196 ex
683 1124 792 1195 latina
809 1127 947 1196 ratione
970 1126 1199 1213 mutandum,
1225 1128 1324 1223 quia,
1349 1152 1436 1198 cum
1493 1159 1509 1201 s

286 1244 330 1314 sit
347 1244 445 1343 apud
461 1270 525 1315 nos
538 1270 640 1316 casus
654 1244 843 1335 ablativus,
858 1270 967 1343 quem
982 1245 1032 1318 illi
1050 1271 1123 1318 non
1143 1246 1288 1337 liabent,
1305 1272 1440 1345 parum

220 1387 259 1446 60
286 1365 478 1437 conveniat
500 1390 573 1436 ιιιιο
594 1390 677 1437 casu
711 1380 851 1456 nostro,
876 1368 1039 1463 quinque
1070 1367 1188 1462 graecis
1225 1369 1276 1438 uti
1309 1395 1316 1436 :
1348 1369 1440 1464 quin

286 1485 394 1556 etiam
418 1485 540 1557 laudet
573 1486 739 1556 virtutem
771 1511 910 1573 eorum,
937 1488 999 1583 qui
1036 1488 1275 1585 potentiorem
1314 1487 1435 1559 lacere

288 1605 444 1701 linguam
467 1605 615 1677 latinam
652 1605 859 1695 studebant,
883 1631 949 1678 nec
979 1607 1103 1678 alienis
1132 1633 1235 1702 egere
1264 1608 1443 1679 institutis

269 1725 517 1828 latabantur:
539 1725 623 1797 inde
643 1730 826 1814 castorem,
847 1726 965 1798 media
984 1727 1117 1823 syllaba
1138 1727 1328 1825 producta,
1349 1753 1447 1826 pro·
1478 1759 1509 1800 ro

289 1848 518 1936 nunciarunt,
538 1848 621 1944 quia
635 1847 706 1919 lioc
719 1847 889 1919 omnibus
908 1849 1037 1919 nostris
1054 1847 1263 1920 nominibus
1285 1848 1436 1920 aocede-

288 1965 362 2054 bat,
381 1992 538 2063 quorum
554 1969 666 2064 prima
692 1968 824 2065 positio
840 1969 877 2039 in
894 1968 1041 2039 easdem
1059 1994 1147 2066 quas
1163 1971 1287 2040 Castor
1301 1969 1439 2040 litteras

287 2087 374 2174 exit3
400 2101 434 2157 et
453 2103 491 2157 ut
505 2087 654 2160 Paterno
672 2113 714 2160 ac
732 2088 869 2159 Telamo
881 2103 916 2159 et
935 2088 1036 2158 Plato
1054 2091 1154 2185 (nam
1172 2089 1319 2160 siceum
1335 2090 1436 2161 Cice·

289 2230 330 2276 ro
359 2232 505 2303 quoque
533 2208 704 2306 appellat)
729 2208 949 2298 dicerentur,
983 2211 1221 2298 retinuerunt,
1255 2210 1340 2307 quia
1363 2209 1444 2281 lati·

221 2336 258 2395 ot
290 2327 506 2424 num,quod
527 2355 548 2397 o
576 2342 612 2398 et
635 2355 657 2399 a
673 2327 798 2399 litteris
813 2328 990 2418 finiretur,
1014 2355 1087 2400 non
1113 2329 1355 2427 reperiebant.
1387 2334 1441 2400 Ne
1482 2352 1513 2395 rs

291 2446 328 2516 in
361 2472 385 2516 a
414 2446 561 2543 quidem
593 2462 700 2544 atque
730 2473 748 2517 s
784 2448 917 2520 litteras
953 2450 1048 2521 exire
1076 2464 1211 2521 temere
1236 2449 1434 2522 masculina

292 2590 404 2663 graeca
433 2568 580 2638 nomina
600 2582 700 2639 recto
722 2593 805 2639 casu
830 2567 1070 2667 patiebantur,
1097 2570 1252 2667 ideoque
1285 2584 1321 2640 et
1340 2570 1441 2667 apud

291 2686 437 2757 Caelium
479 2686 627 2782 legimus
653 2687 752 2758 Pelia
778 2690 1006 2774 Cincinnatus,
1046 2704 1082 2760 et
1115 2688 1212 2787 apud
1248 2689 1436 2760 Messalam

294 2807 380 2879 bene
405 2807 495 2905 ficit
536 2810 675 2891 Eutla'a,
728 2823 764 2879 et
799 2809 898 2906 apud
938 2810 1148 2881 Ciceronem
1172 2812 1442 2905 Hermagora,

333 3027 356 3061 a.
369 3025 576 3080 nonnumquam
588 3025 602 3061 a
614 3009 692 3061 nobis
704 3027 711 3063 :
725 3011 744 3060 tt
756 3009 868 3077 M.-7.
880 3025 944 3060 oum
956 3025 1012 3060 uno
1026 3026 1089 3061 casu
1104 3026 1111 3063 ε
1127 3007 1218 3079 Guell,
1232 3026 1312 3080 7727,
1324 3008 1446 3082 Stepha-

296 3115 356 3164 nus,
374 3099 497 3164 Vereor„
514 3097 588 3152 Stet.
601 3129 636 3138 -
648 3116 689 3151 rr.
703 3097 849 3151 accedebat
862 3115 869 3152 ε
888 3098 908 3148 Β
921 3096 945 3149 N
960 3099 980 3149 Ρ
992 3098 1034 3167 M,
1051 3096 1192 3151 accidebat
1205 3114 1212 3151 :
1225 3100 1246 3151 Α
1262 3099 1280 3150 b
1295 3097 1323 3169 S,
1335 3096 1394 3151 edd.
1414 3129 1449 3138 -

300 3190 340 3243 13.
358 3189 428 3242 sicut
439 3187 533 3242 Plato:
549 3190 694 3261 Gappema.
709 3218 743 3227 -
761 3194 801 3251 14.
824 3185 902 3238 latini
919 3203 925 3240 :
941 3185 1015 3239 Goth
1030 3184 1103 3255 Vall,
1121 3194 1199 3256 7724,
1214 3187 1294 3255 77²⁵·

333 3392 357 3439 1.
384 3393 437 3437 Uno
471 3405 528 3436 casu
555 3397 649 3437 nostro.
678 3415 712 3426 -
734 3386 852 3452 Spalding
896 3387 1020 3453 employer
1029 3385 1157 3436 accedebat
1174 3388 1233 3437 dans
1245 3388 1268 3437 le
1284 3388 1364 3437 meme
1382 3403 1450 3437 sens.

299 3475 337 3516 est
352 3464 422 3531 porti·
444 3465 457 3512 a
478 3463 579 3529 adopter
602 3464 625 3512 la
643 3464 711 3529 lemn
730 3481 782 3513 eam
804 3480 852 3512 uuo
932 3466 971 3513 13.
991 3462 1104 3515 Palamo.
1121 3491 1152 3502 -
1165 3462 1353 3522 Cl.Charisius,
1368 3478 1394 3529 p.
1410 3468 1454 3519 65,

300 3556 358 3588 casu
367 3548 458 3586 nostro.
899 3540 908 3586 1
928 3555 933 3585 :
954 3558 966 3581 a
983 3537 1067 3588 Grrara
1077 3556 1131 3606 quae
1140 3539 1167 3588 in
1178 3557 1209 3588 oa
1219 3547 1350 3600 exauria...
1363 3539 1453 3587 amissa

337 3619 376 3666 to.
388 3615 524 3663 Castorem.
538 3639 569 3650 -
578 3612 616 3663 Cl.
626 3613 711 3674 Varro,
725 3614 798 3680 ling.
807 3612 854 3664 lat.
896 3629 913 3660 a
924 3612 1005 3664 littera
1018 3615 1094 3665 latina
1115 3615 1278 3665 redduntur...
1292 3623 1320 3664 ut
1332 3611 1453 3681 Antipho,

302 3696 327 3755 8,
342 3694 388 3752 ta;
404 3711 416 3734 a
432 3688 547 3738 debemus
561 3688 672 3739 secundis
687 3689 788 3755 syllabis
801 3690 856 3739 lou·
897 3687 1024 3757 Demipho.
1036 3712 1048 3734 u

305 3790 316 3815 ι
327 3769 363 3835 gis
374 3766 456 3817 dicero
464 3769 601 3824 Hectorem,
617 3768 753 3824 Nestorem
766 3788 778 3809 u
790 3765 855 3817 Cha·
934 3768 974 3816 18.
987 3763 1056 3814 Pelia
1070 3765 1238 3829 Cincinnatus,
1247 3775 1294 3816 etc.
1309 3792 1342 3802 —
1354 3764 1454 3831 u'apres

304 3842 384 3902 risius,
406 3858 430 3909 p.
458 3845 514 3904 ttt,
538 3845 578 3900 tt,
599 3851 699 3891 auctore
719 3839 788 3890 lulio
810 3846 857 3891 Ilo·
897 3840 1020 3895 Charisius
1030 3843 1064 3910 (p.
1078 3846 1120 3903 50,
1133 3841 1229 3906 Putsh),
1244 3842 1278 3892 les
1294 3841 1396 3891 tociens
1416 3841 1454 3890 di·

304 3936 376 3969 marro
402 3934 434 3969 z«
461 3919 553 3967 Hector
573 3927 598 3967 et
623 3921 723 3967 Mentor
748 3918 854 3982 genitivo
898 3917 974 3966 saient
982 3915 1099 3966 Aaeleises
1107 3927 1132 3967 et
1142 3917 1250 3967 Anchisa
1260 3933 1290 3966 au
1300 3915 1453 3974 nominaui,

308 3995 452 4062 asingulari
474 4010 560 4045 sonare
578 3995 669 4046 debent
682 4003 709 4043 ut
722 3995 812 4041 Nestor
833 4002 858 4042 et
898 3993 922 4042 la
943 3992 1102 4043 termiuaisou
1122 4010 1149 4041 as
1167 3993 1226 4044 erait
1252 3990 1361 4042 reserata
1387 4007 1454 4057 pour

218 4066 223 4075 ’
307 4094 319 4118 ιι
337 4072 426 4122 similia
438 4072 520 4122 Graeea
538 4070 665 4131 duntaxat,
683 4085 727 4118 uec
741 4077 767 4117 ut
780 4078 860 4117 rector
899 4068 1011 4118 lesnoms
1021 4069 1083 4120 dela
1098 4069 1280 4119 3⁰declinaison
1293 4067 1378 4129 latine,
1393 4071 1454 4115 Me-

308 4169 319 4196 ι
336 4149 447 4208 rectoris,
463 4146 504 4197 sod
515 4156 541 4196 ut
554 4144 637 4194 rhetor
647 4144 760 4194 rhetoris.
779 4164 789 4191 ι
900 4161 980 4207 cerras,
991 4151 1135 4212 Asprenas,·
1146 4162 1207 4212 pour
1216 4145 1250 4194 les
1258 4153 1348 4205 autres,
1359 4159 1455 4193 comme

342 4228 418 4275 ta—
431 4223 513 4271 Prima
518 4221 609 4289 positio
617 4220 710 4285 siguifie
720 4220 860 4270 leaomiaa·
900 4223 1004 4284 AEueas,
1025 4221 1058 4270 les
1071 4223 1169 4271 auriens
1190 4221 1294 4271 disaient
1317 4223 1406 4269 AErrea.
1423 4246 1455 4256 -

306 4299 349 4368 tis.
360 4327 393 4335 -
404 4294 540 4346 Accedebat
562 4314 568 4344 ι
584 4294 673 4360 malgrti
689 4294 859 4345 l'observatiou
900 4294 1077 4366 ApudCalium
1089 4296 1141 4347 :CL
1151 4296 1171 4358 l,
1182 4300 1257 4359 ss,l2,
1269 4313 1291 4362 p.
1307 4298 1350 4345 lut
1358 4331 1366 4356 ,
1374 4312 1401 4343 ιι.
1413 4298 1452 4344 tu.

306 4375 416 4425 suivaute
439 4375 469 4422 de
488 4373 589 4438 Regius,
613 4394 626 4417 a
650 4369 780 4439 legendum
808 4389 859 4420 esse
936 4375 975 4422 19.
984 4375 1146 4438 Hermagora.
1166 4372 1249 4420 -Cic¹
1261 4371 1291 4419 de
1299 4371 1452 4425 trivertinae,

305 4449 431 4502 accidebat
438 4449 554 4497 neminem
561 4457 622 4515 puto
632 4446 710 4497 latera
723 4469 747 4509 a,
760 4463 793 4498 on
802 4456 860 4514 peut
901 4447 946 4497 lib.
960 4446 986 4509 l;
1001 4453 1100 4510 Brutus,
1111 4465 1134 4499 c.
1147 4450 1188 4497 18.
1201 4447 1325 4498 Toutelois
1342 4447 1378 4496 las
1398 4447 1454 4497 ttss.
