3248 5340
494 494 597 551 INST.
624 495 810 552 ORATOR.
835 498 917 552 Ltu.
945 499 972 563 l,
1000 506 1041 554 to.
1297 508 1346 560 ¹29

192 670 266 717 non
290 661 329 717 ut
350 646 473 717 omnia
500 645 659 717 dicerem
679 657 844 736 sectatus,
859 648 958 745 quod
974 650 1156 722 inlinitum
1176 669 1266 744 erat,
1283 657 1345 728 sed

192 781 231 836 ut
252 767 405 836 maxime
429 768 624 837 necessaria
656 794 664 837 ε
691 791 788 837 nunc
810 766 856 838 de
885 770 1012 840 ceteris
1035 769 1187 860 artibus,
1216 775 1349 869 quibus

192 884 441 973 instituendos,
469 886 680 984 priusquam
694 885 829 958 rhetori
851 888 1051 979 tradantur,
1078 916 1211 988 pueros
1233 896 1349 965 existi·

191 1030 265 1094 mo,
289 1007 441 1076 strictim
470 1004 701 1101 subjungam,
725 1021 761 1077 ut
778 993 954 1078 efficiatur
972 1009 1070 1080 orbis
1096 1011 1154 1082 itte
1177 1011 1350 1085 doctrina

149 1148 164 1193 5
191 1150 299 1223 quem
314 1127 429 1196 Graeci
450 1131 605 1223 ἐγκύκλιον
622 1122 767 1196 παιδείαν
787 1143 928 1198 vocant.

239 1250 328 1315 Nam
355 1244 484 1317 iisdem
509 1245 582 1316 sere
610 1247 717 1317 annis
741 1246 891 1317 aliarum
910 1273 1056 1345 quoque
1078 1250 1349 1350 disciplinarum
1378 1260 1397 1318 Ξ

192 1365 309 1436 studia
337 1364 571 1461 ingredienda
596 1380 680 1436 sunt
703 1394 710 1437 :
736 1391 828 1463 quae,
849 1370 932 1464 quia
952 1382 987 1439 et
1005 1370 1086 1466 ipsae
1104 1387 1198 1442 artes
1218 1389 1350 1446 suntet

193 1509 267 1556 esse
282 1484 448 1583 perfectae
470 1487 545 1556 sine
565 1485 697 1557 orandi
721 1488 872 1557 scientia
895 1505 1058 1585 possunt,
1084 1514 1151 1561 nec
1169 1517 1290 1563 rursus
1303 1493 1348 1566 ad

193 1603 426 1676 efficiendum
447 1620 627 1677 oratorem
641 1606 729 1677 satis
749 1606 867 1678 valent
882 1606 977 1697 solae,
998 1633 1043 1679 an
1063 1611 1134 1680 sint
1151 1610 1236 1683 huic
1249 1615 1350 1710 operi

139 1759 166 1803 ιο
195 1727 398 1796 necessariae
407 1727 590 1823 quaeritur.
605 1730 692 1796 Nam
707 1725 811 1823 quid,
825 1728 1006 1823 inquiunt,
1020 1729 1065 1800 ad
1080 1731 1256 1824 agendam
1271 1757 1350 1803 cau·
1379 1738 1397 1795 3

194 1871 270 1915 sam
295 1844 532 1917 dicendamve
554 1846 770 1918 sententiam
808 1849 979 1944 pertinet,
1009 1850 1099 1921 scire
1119 1851 1351 1947 quemadmo-

194 1964 282 2035 dum
298 1966 334 2036 in
357 1964 438 2036 data
455 1962 547 2036 linea
567 1967 737 2036 constitui
762 1967 936 2063 triangula
952 1970 1061 2065 artpus
1080 1968 1248 2041 lateribus
1267 1997 1350 2070 pos-

194 2085 283 2156 sint?
300 2089 367 2156 Aut
388 2110 463 2182 quo
478 2085 603 2156 meiius
623 2086 677 2156 vel
697 2085 868 2157 defendet
894 2112 995 2158 reum
1016 2089 1069 2159 vel
1089 2105 1186 2185 reget
1204 2092 1349 2164 consilia

231 2304 256 2354 5.
273 2317 374 2371 quem:
391 2302 452 2368 AS,
469 2300 584 2371 ttntiot„
602 2301 698 2370 Hatnn
720 2321 802 2374 quam
826 2323 832 2358 :
847 2306 877 2356 Z.
893 2335 928 2343 -
947 2325 972 2374 7.
995 2304 1079 2358 stadia
1099 2308 1185 2378 που).
1205 2306 1292 2376 Klotz,
1306 2308 1351 2361 cui

194 2389 340 2442 assentitur
353 2387 448 2462 Spatd.
465 2389 542 2462 pref.
558 2408 588 2463 p.
613 2409 655 2459 79.
677 2420 712 2431 -
731 2393 757 2443 8.
774 2393 889 2444 seientia
908 2403 1024 2464 possunt
1043 2413 1050 2445 :
1071 2395 1136 2464 BP,
1154 2397 1233 2465 7725,
1252 2399 1347 2459 Bonn,

193 2475 288 2546 Halnr3
311 2479 423 2531 scientia
439 2496 494 2531 non
518 2490 632 2550 possunt
651 2495 658 2531 ε
676 2478 735 2531 ΑΜ
750 2480 771 2533 C
788 2481 805 2533 S
827 2483 859 2550 b3
876 2492 903 2534 et
924 2500 980 2534 eme
993 2482 1113 2555 perfecta
1128 2484 1186 2535 sine
1201 2483 1243 2536 his
1253 2483 1349 2536 orandi

191 2568 302 2620 scientia
316 2585 371 2620 non
386 2577 493 2640 potest:
507 2568 614 2638 angien,
631 2568 710 2631 Brut„
727 2571 812 2637 Stoer,
833 2571 910 2639 otn,
934 2574 1082 2644 Capperon.
1101 2601 1138 2613 -
1157 2591 1198 2627 η.
1218 2575 1245 2624 in
1262 2573 1323 2625 data
1341 2592 1347 2627 ε

194 2658 213 2707 Β
232 2657 256 2707 Ν
275 2657 342 2726 PM,
362 2673 440 2726 7721,
457 2673 539 2725 :7273
558 2656 620 2710 data
637 2673 643 2710 :
662 2656 737 2724 t'att,
755 2661 839 2728 77233
858 2658 969 2712 inductu
984 2678 991 2715 ι
1007 2659 1128 2730 Maked,
1142 2659 1224 2732 Alrlr3
1243 2661 1347 2714 dueta:

192 2747 214 2796 ,t
232 2749 271 2810 (2⁸
286 2746 371 2811 11an
387 2747 406 2798 t·
421 2747 439 2797 b
458 2748 485 2800 S.
508 2777 543 2785 -
560 2747 643 2818 pontit
660 2767 665 2802 :
686 2748 706 2798 d
721 2747 745 2799 Τ
759 2749 787 2802 S.
801 2778 837 2788 -
860 2750 900 2802 13.
914 2762 962 2801 aut
980 2767 985 2799 τ
1002 2748 1077 2802 codd.
1095 2757 1121 2801 et
1137 2749 1208 2815 edet,
1216 2752 1349 2823 proetrrF,

193 2833 239 2905 qui
254 2853 263 2884 :
280 2844 306 2887 et
323 2852 380 2905 quo
395 2835 506 2887 melius.

196 3027 207 3048 ι
224 3007 315 3072 optime
328 3006 390 3055 dixit
400 3005 479 3070 primo
496 3005 664 3054 trutinatoris
677 3006 751 3066 libro,
792 3024 819 3072 p.
835 3008 905 3070 660.)
920 3035 953 3045 -
973 3006 1108 3068 Quintiiien
1124 3017 1177 3057 reut
1192 3009 1347 3060 itablirsim·

196 3102 207 3125 ι
225 3081 258 3129 ita
278 3091 303 3129 ut
319 3081 426 3145 primum
444 3079 536 3129 horum
554 3081 688 3129 studiorum
712 3082 754 3130 de·
794 3083 900 3147 plemeut
915 3082 938 3131 la
946 3082 1112 3132 demarmtioo
1124 3093 1193 3132 entre
1201 3100 1348 3150 requeuous

197 3178 209 3198 ιι
221 3154 339 3212 frnsorem
347 3156 491 3205 acerrimum
502 3156 643 3205 credideris.
652 3155 688 3204 lta
696 3172 754 3205 rane
793 3157 908 3224 uppetona
920 3156 1076 3222 aujourd’hui
1092 3157 1290 3223 Peuseignement
1311 3175 1348 3208 se·

197 3252 208 3274 ι
222 3231 264 3279 aed
275 3245 304 3279 ea
316 3230 367 3296 lege
381 3230 499 3291 defendit,
512 3246 543 3280 ne
555 3230 665 3280 rhetores
678 3248 754 3282 temu·
793 3232 908 3282 eondaire
917 3242 941 3282 et
955 3232 1153 3297 i'enseignement
1165 3233 1299 3299 ammiror.

198 3327 207 3350 ι
230 3306 342 3356 lentur...
358 3306 474 3357 Crescunt
493 3308 541 3369 itti,
563 3306 689 3369 concedit,
711 3309 753 3356 red
829 3317 853 3360 5.
872 3312 947 3373 Quem
966 3308 1049 3356 Graeci
1074 3334 1105 3346 -
1126 3309 1185 3370 ιο.
1209 3309 1234 3358 in
1258 3308 1348 3361 talibus

197 3405 209 3426 ιι
233 3389 341 3431 crescant
359 3384 405 3432 sub
423 3383 539 3435 altiorum
561 3384 659 3432 umbre.
674 3382 752 3433 Simul
795 3406 807 3427 ι
825 3383 961 3433 enuntiatis
979 3399 1056 3448 genus
1077 3383 1233 3450 pronominis
1253 3385 1346 3434 relativi

196 3479 208 3501 ι
231 3467 303 3523 atque
324 3457 412 3508 notes
431 3458 558 3520 ridentur,
576 3458 670 3508 inimici
696 3458 753 3508 facti
795 3459 976 3509 «nntnnntivo
984 3458 1148 3519 antecedenti,
1161 3476 1208 3509 uon
1217 3461 1346 3527 praedicato

196 3532 414 3582 «sunum-tt
428 3542 463 3583 est
477 3535 584 3601 maique
595 3534 627 3584 tt.
642 3534 673 3584 G.
684 3535 752 3585 Bois·
794 3534 1084 3585 «accommodaresolet.
1103 3557 1115 3579 ιι
1141 3535 1230 3599 Haut,
1250 3537 1289 3587 id.
1314 3538 1345 3599 Q.

194 3608 315 3658 tierarait
327 3608 379 3673 deji
391 3608 427 3658 dit
447 3626 452 3660 :
471 3632 483 3654 ιι
500 3612 561 3661 Sans
573 3610 751 3671 douteQuinti-
792 3626 815 3676 p.
837 3614 877 3667 55,
894 3627 920 3660 a.
935 3614 976 3663 ³0.

196 3704 208 3727 ιι
222 3683 270 3733 lieu
280 3684 376 3733 eomhle
392 3684 415 3734 lu
436 3687 581 3750 grammaire
594 3685 714 3750 deleges,
735 3686 752 3736 tt
826 3685 954 3736 &Grandi
962 3687 1076 3736 scientio.
1087 3686 1162 3737 -La
1170 3689 1305 3738 correction
1316 3689 1346 3737 de

197 3759 252 3809 alui
264 3759 344 3809 arrire
352 3763 431 3811 meme
440 3761 502 3812 dans
517 3778 561 3812 aon
574 3761 679 3828 premier
691 3761 752 3811 titre
793 3762 923 3828 Regimen
938 3779 969 3813 en
979 3762 1119 3829 opposition
1128 3779 1185 3813 arec
1195 3763 1230 3812 les
1243 3764 1308 3814 idies
1316 3765 1346 3813 de

198 3854 208 3881 ι
231 3835 288 3886 d’en
303 3835 383 3901 parler
401 3852 460 3887 aree
482 3853 531 3887 une
545 3846 610 3887 sorte
623 3835 752 3886 d'entbou·
791 3837 911 3898 i'ruteur;
923 3837 946 3887 ie
961 3847 1025 3887 texte
1037 3838 1081 3886 der
1092 3836 1149 3886 Mes.
1162 3847 1198 3887 ert
1209 3839 1346 3888 contradic·

196 3932 207 3954 ιι
222 3911 309 3961 siasme
323 3912 469 3975 (necessario
480 3914 577 3983 pneris,
588 3911 701 3979 jucunda
715 3929 750 3960 se·
790 3913 852 3962 toire
860 3928 868 3973 ;
876 3914 900 3978 je
910 3913 1005 3978 protere
1016 3913 1038 3961 Ιι
1048 3912 1116 3977 teron
1126 3912 1230 3979 adoptee
1240 3913 1292 3977 dtjt
1302 3930 1346 3980 par

195 4010 207 4031 ιι
224 3985 304 4046 eribus,
327 3986 407 4036 dulcis
425 3999 574 4038 secretorum
598 3988 695 4051 comes);
719 4005 750 4037 ru
790 3987 893 4038 Bouoell
907 3997 931 4037 et
946 4003 989 4054 par
1006 3988 1040 4038 tt.
1057 3986 1126 4037 Halm
1150 3988 1198 4039 :la
1215 3988 1347 4052 geometria

198 4084 207 4106 ι
225 4062 311 4113 realitti
325 4063 342 4112 it
364 4073 420 4114 veut
434 4064 457 4114 ia
473 4065 637 4114 diminueret
657 4063 680 4112 ltt
697 4080 749 4113 res·
790 4074 814 4114 et
827 4063 850 4113 la
866 4065 975 4130 musique
989 4063 1060 4114 u’out
1074 4080 1117 4130 par
1130 4062 1217 4113 besoiu
1230 4064 1261 4113 de
1277 4063 1346 4113 Pelo·

195 4161 206 4182 ι
223 4139 340 4188 treiodre.
354 4139 388 4190 Le
398 4141 574 4203 grammairien
585 4139 617 4190 tui
628 4139 706 4205 paruit
717 4156 750 4188 uu
790 4155 883 4204 quence
893 4137 993 4204 (orandi
1002 4139 1116 4203 scientia)
1124 4155 1186 4206 pour
1194 4138 1289 4189 urrirer
1298 4141 1312 4188 t
1322 4140 1346 4190 la

196 4236 207 4255 ιι
224 4213 382 4263 enrnhiueur
395 4217 504 4281 toujours
526 4217 579 4283 pret
593 4216 607 4265 i
621 4231 646 4265 se
666 4214 750 4280 gtinn
790 4214 923 4281 perfectior
940 4217 1000 4281 (esse
1008 4216 1148 4283 perfecte).

196 4312 208 4331 «ι
225 4288 284 4338 hors
296 4289 326 4336 de
342 4305 385 4338 ron
409 4291 532 4348 domnine,
551 4301 575 4341 et
589 4292 605 4340 u
626 4307 651 4340 se
668 4291 750 4339 donno
826 4288 1345 4341 12.Indatalinea.-nGeometraesolrnt

197 4386 208 4406 ιι
226 4366 352 4430 beaucoup
361 4365 391 4414 de
403 4366 450 4415 nul
462 4382 525 4432 pour
534 4365 680 4432 l'empecher
692 4365 747 4415 d’en
787 4363 868 4415 dicere
877 4383 887 4414 .·
896 4382 968 4433 super
979 4368 1070 4432 (supra)
1077 4366 1159 4416 datam
1165 4366 1253 4415 lineam
1269 4366 1346 4416 trim-

199 4462 208 4484 ι
224 4439 328 4491 sortir...
344 4460 357 4483 ιι
372 4439 489 4504 (Journal
497 4439 539 4490 des
548 4450 654 4499 savants,
671 4444 744 4500 tuat,
786 4441 868 4506 guium
881 4442 1037 4492 constituere.
1055 4442 1099 4509 Cf
1114 4441 1191 4495 Boetii
1202 4439 1347 4512 praefertur

332 4545 483 4593 ottanum.
1240 4538 1270 4584 20
