3248 5340
312 530 432 572 cxxxiv
791 515 990 570 terestitx.

313 667 380 720 laesa:
405 665 516 719 hercule
539 684 621 737 quarn
644 676 809 719 cmiscrrata·
829 665 977 735 utrobique
997 665 1173 716 sanctissinum
1189 665 1338 735 opinionis.
1363 666 1472 718 Natura

312 757 449 826 cuiusque
464 766 571 808 tanttun
593 767 684 809 totuin
706 772 827 825 curaque
841 753 933 806 distat.
950 752 989 805 lla
1004 763 1122 805 mentem
1137 752 1172 804 ad
1185 753 1279 824 peiore
1295 752 1413 822 facilem,
1431 754 1469 807 da

313 844 505 914 negligentiam
522 842 659 896 formandi
673 842 901 913 custodiendique
915 843 942 894 in
957 851 1035 894 tctate
1048 843 1136 914 prima
1149 840 1282 912 pudoris:
1295 860 1349 895 ηοιι
1370 844 1467 895 mino·

314 950 370 985 rem
386 933 500 1001 flagiciis
514 932 686 984 occasionem
699 942 800 984 secreta
816 931 994 1004 praebuerint.
1011 931 1080 982 Nam
1093 941 1120 983 et
1134 940 1225 1003 potest
1238 931 1326 1002 turpis
1340 949 1398 984 esse
1408 931 1465 984 do·

313 1020 442 1074 mesticus
458 1018 503 1071 ille
516 1031 667 1092 praeceptor
681 1038 687 1072 :
700 1038 749 1073 nec
762 1021 848 1073 tutior
861 1019 933 1072 inter
952 1036 1043 1071 servos
1059 1018 1152 1088 malos,
1170 1036 1252 1090 sptium
1268 1021 1400 1089 ingenuos
1418 1038 1470 1092 pu-

314 1127 376 1163 rum
390 1108 528 1161 modestos
541 1109 711 1161 conversatio
719 1118 769 1162 est.
787 1108 879 1178 [5.]At
895 1109 917 1160 si
933 1106 1004 1160 bona
1020 1109 1106 1180 ipsius
1118 1107 1237 1178 indoles,
1252 1109 1273 1159 si
1288 1126 1343 1161 oon
1358 1126 1428 1161 tucca
1438 1128 1472 1161 ac

314 1198 401 1270 sopita
416 1206 560 1268 parentum
575 1197 709 1265 socordia,
725 1208 752 1250 et
767 1206 962 1270 preceptorem
978 1195 1075 1268 eligere
1089 1197 1290 1249 sanctissimum
1312 1213 1469 1268 quemque,

314 1287 393 1340 cuius
404 1288 441 1339 rei
456 1287 594 1359 praecipua
604 1285 786 1358 prudentibus
796 1303 861 1339 cura
874 1295 924 1356 est,
937 1295 964 1338 et
973 1284 1155 1357 disciplinam,
1172 1303 1235 1356 quoe
1246 1286 1362 1338 maxime
1376 1303 1470 1339 severa

315 1374 397 1427 suerit
413 1373 489 1439 licet,·
503 1384 530 1427 et
542 1374 737 1428 nichilominus
747 1376 865 1429 amicum
877 1392 983 1443 gravem
1001 1375 1103 1441 virtrm,
1121 1382 1169 1426 atu
1188 1373 1293 1426 hdclem
1320 1373 1468 1441 libertum,

315 1462 391 1518 lateri
405 1462 453 1516 lilii
468 1464 508 1517 sui
523 1463 679 1533 adiungere,
696 1464 776 1517 cuius
790 1462 914 1516 assiduus
926 1463 1160 1516 comitatusetiam
1175 1461 1236 1514 illos
1252 1461 1377 1516 meliores
1392 1461 1471 1527 facit,

315 1553 362 1623 qui
378 1550 524 1606 timebunt.

353 1637 397 1714 [6.]
414 1640 504 1693 Facile
517 1655 574 1694 crin
591 1642 671 1695 buius
686 1642 723 1693 rci
735 1641 896 1695 remedium.
913 1640 1023 1693 Utinam
1040 1639 1190 1693 liberorum
1204 1650 1362 1693 nostrorum
1375 1655 1472 1693 mores

316 1747 371 1782 nou
383 1730 432 1800 ipsi
442 1729 626 1802 perderemus.
642 1729 787 1782 [silentiam
800 1730 889 1782 stetim
897 1727 1003 1782 deliciis
1013 1728 1109 1781 solrim
1118 1746 1158 1784 us.
1172 1727 1264 1781 Mollis
1272 1727 1318 1781 illa
1328 1727 1471 1795 etlucatio,

315 1835 398 1889 quam
412 1816 608 1888 indulgentiam
624 1835 762 1887 vocamus,
780 1836 876 1870 nervos
892 1835 987 1870 omncs
1001 1827 1028 1870 et
1044 1818 1141 1870 inentis
1160 1828 1188 1870 et
1208 1818 1335 1888 corporis
1359 1815 1472 1887 frangit.

316 1906 391 1978 Quid
406 1924 462 1959 non
474 1906 585 1959 adultus
600 1908 792 1977 concupiscet?
804 1909 835 1958 ln
850 1907 981 1978 purpuris
995 1907 1080 1978 repit,
1094 1904 1217 1958 nondum
1229 1906 1317 1978 prima
1331 1903 1412 1958 verba
1424 1924 1473 1957 ex-

316 1981 419 2067 primit,
435 1996 487 2046 iam
509 2012 623 2047 coccum
648 1995 783 2063 iutelligit,
811 1996 863 2047 iam
885 1993 1054 2047 conchilium
1076 1994 1174 2067 poscit.
1194 1992 1240 2067 [7.}
1264 1996 1334 2047 Ante
1348 1992 1473 2065 palatum

317 2099 411 2134 eorum
427 2099 509 2153 quam
524 2084 738 2136 osinstituimus.
753 2085 783 2135 ln
795 2081 897 2138 lecticis
909 2093 1052 2147 crescun13
1068 2082 1089 2135 si
1104 2093 1206 2136 terram
1222 2083 1371 2152 attigerint,
1383 2101 1399 2134 e
1415 2098 1474 2133 ma-

318 2169 399 2223 nibus
412 2171 542 2241 utrinque
556 2173 748 2224 sustinentium
758 2171 886 2243 pendent.
905 2170 1063 2226 Gaudemns
1078 2171 1180 2242 siquid
1196 2170 1324 2225 licentius
1338 2169 1470 2224 dixerim.

317 2258 419 2325 Verba,
435 2277 469 2311 ne
483 2258 672 2312 Alexandrinis
684 2259 796 2332 (pridem
811 2259 994 2332 permittenda
1011 2260 1128 2329 deliciis,
1143 2262 1199 2313 risu
1213 2271 1241 2313 et
1252 2257 1348 2313 osculo
1362 2259 1473 2332 excipi-

317 2365 389 2402 mus.
405 2347 460 2400 Nec
472 2348 572 2400 mirum
587 2366 594 2401 ι
611 2366 659 2400 nos
674 2347 828 2418 docuimus,
846 2367 879 2402 et
893 2349 973 2402 nohis
987 2349 1146 2403 audierunt.
1167 2349 1216 2420 [8.]
1228 2349 1342 2402 Nostras
1357 2350 1471 2413 amicas,

317 2445 423 2489 nostras
438 2435 606 2489 concubinas
621 2436 712 2489 vident
728 2455 736 2492 t
752 2455 833 2490 omnc
851 2438 1006 2492 convivium
1018 2437 1145 2492 obscenis
1161 2438 1276 2491 canticis
1289 2438 1385 2510 strepit
1399 2455 1405 2489 :
1417 2455 1471 2508 pu-

317 2522 406 2577 denda
420 2524 496 2578 dictu
510 2534 677 2597 spectantur.
693 2527 736 2579 Fit
751 2545 784 2578 et
797 2526 838 2579 his
848 2525 1029 2597 consuetudo,
1044 2525 1143 2579 deinde
1162 2537 1270 2580 natura.
1288 2525 1402 2578 Discunt
1414 2524 1472 2576 hau·

318 2613 408 2667 miseri
417 2623 563 2685 aritequam
573 2615 659 2668 sciant
670 2615 737 2668 vicia
750 2633 807 2668 esse
821 2633 828 2668 ι
844 2614 908 2669 inde
922 2615 1004 2670 soloti
1018 2633 1049 2669 ac
1059 2616 1172 2670 llnentes
1187 2633 1243 2669 nou
1259 2615 1400 2687 accipiunt
1413 2632 1474 2667 sco·

319 2702 353 2756 lis
367 2702 436 2756 mala
450 2703 508 2771 ista,
523 2703 608 2757 sedin
619 2702 705 2757 scolas
716 2702 847 2758 allerunt.

354 2789 403 2863 [9,]
418 2792 523 2844 Verum
536 2793 563 2844 in
578 2791 676 2846 studiis
689 2794 772 2863 magis
784 2792 888 2846 vacabit
903 2811 974 2847 uuus
989 2794 1048 2848 uni.
1064 2794 1234 2847 ilnteoruuia
1249 2791 1334 2845 nichil
1346 2791 1473 2862 prohibet

318 2898 376 2933 esse
406 2880 500 2949 istum,
526 2882 729 2953 nescioquem,
754 2899 841 2935 unum
860 2883 942 2935 etiam
970 2899 1032 2935 cum
1054 2900 1096 2949 eo,
1117 2882 1215 2952 quiin
1237 2880 1320 2934 scolis
1337 2879 1476 2934 eruditur.

319 2967 371 3021 Sed
396 2969 499 3022 etiarnsi
525 2970 600 3040 iungi
616 2981 765 3042 utrumqne
790 2988 844 3023 uon
869 2981 970 3043 posset,
1001 2970 1093 3025 lumen
1114 2981 1204 3024 tamen
1236 2969 1305 3023 illud
1322 2979 1478 3022 conventus

319 3058 503 3112 honestissimi
531 3058 650 3113 tenebris
676 3077 708 3112 ac
733 3059 875 3113 solitudini
905 3058 1093 3132 praetulissem.
1122 3059 1189 3112 Nam
1213 3059 1335 3130 optimus
1360 3059 1478 3129 quisquc

319 3158 471 3221 preceptor
498 3145 650 3219 frequentia
667 3148 776 3218 gaudet,
802 3167 833 3201 ac
862 3149 964 3201 maiore
991 3166 1019 3201 sc
1037 3148 1145 3201 theatro
1164 3148 1280 3218 dignum
1302 3157 1391 3220 putat.
1410 3144 1475 3219 lto]

320 3237 386 3290 Fere
408 3238 526 3290 minores
550 3249 579 3291 et
597 3238 762 3291 conscicntia
780 3255 835 3292 suae
863 3237 1032 3293 infirmitatis
1053 3237 1154 3290 haerere
1181 3235 1306 3306 singulis,
1337 3245 1365 3288 et
1381 3233 1475 3288 officio

321 3325 396 3393 lungi
428 3325 633 3396 ‹prodammodo
660 3325 863 3400 pedagogorum
890 3344 945 3378 non
980 3325 1167 3396 indignantur.
1196 3323 1258 3399 {tu}
1285 3324 1338 3376 Sed
1366 3332 1474 3395 prestet

319 3413 401 3466 alicui
417 3412 456 3465 vcl
477 3416 572 3482 gratia,
588 3415 628 3468 vel
640 3416 765 3487 pecunia,
780 3414 819 3467 vel
835 3416 965 3483 amicitia,
980 3426 1010 3468 ut
1024 3415 1214 3468 doctissimum
1239 3426 1322 3485 atque
1337 3413 1478 3484 incompe-

322 3499 434 3552 rabilem
449 3503 605 3569 magistrum
620 3502 693 3555 domi
710 3502 816 3571 habeat,
840 3522 907 3558 num
922 3516 1011 3558 tameo
1028 3503 1073 3557 ille
1092 3515 1181 3557 totum
1203 3504 1229 3556 iu
1244 3521 1301 3556 uno
1321 3501 1393 3555 diem
1408 3518 1476 3555 cou-

321 3597 482 3659 sumpturus
496 3595 554 3641 est?
572 3605 619 3643 not
638 3600 728 3663 potest
747 3609 804 3644 csse
820 3591 875 3647 tilla
893 3607 948 3647 tam
964 3604 1097 3666 perpetua
1119 3592 1248 3645 discentis
1262 3591 1390 3655 intentio,
1415 3607 1477 3661 qua·

322 3694 377 3730 non
398 3686 428 3729 ut
444 3677 517 3730 visus
535 3677 678 3733 oculorum
692 3678 794 3734 obtutu
807 3683 941 3736 continuo
956 3681 1103 3751 fatigetur?
1123 3698 1185 3735 cnm
1215 3680 1366 3752 praesertim
1384 3676 1475 3732 multo

322 3765 385 3839 plus
398 3766 494 3820 secreti
508 3770 638 3841 temporis
647 3767 736 3822 studia
748 3768 912 3825 desiderent.
927 3768 993 3845 lte]
1002 3771 1099 3841 Neque
1111 3771 1185 3829 euim
1193 3769 1337 3837 scribenti,
1347 3766 1476 3821 ediscen-

321 3857 354 3926 ti,
372 3857 500 3927 cogitanti
520 3868 670 3931 preceptor
692 3860 814 3913 assistit:
834 3876 952 3930 quorum
976 3857 1081 3931 aliquid
1103 3858 1251 3929 agentibus
1271 3857 1477 3926 cuiuscumque

322 3947 491 3999 interventus
505 3946 701 4020 impedimento
717 3959 768 4003 est.
788 3949 881 4001 Lectio
895 3965 1006 4018 quoque
1021 3965 1076 4000 noo
1092 3948 1192 4018 omnis,
1209 3964 1259 3999 nec
1278 3963 1393 4017 semper,
1412 3961 1478 4015 prak

322 4044 405 4089 eunte
423 4034 463 4088 vel
479 4036 674 4107 interpretante
686 4047 754 4107 eget.
769 4035 887 4103 Quando
899 4037 974 4088 enirn
987 4047 1027 4088 tot
1047 4046 1192 4089 anctorum
1210 4035 1310 4088 notitia
1332 4033 1477 4102 continge-

324 4130 380 4177 ret?
392 4123 531 4176 Modicum
553 4143 617 4193 ergo
639 4134 748 4196 tempus
763 4135 811 4192 est,
833 4142 890 4196 quo
906 4126 933 4178 in
946 4134 1036 4177 toturn
1050 4124 1123 4177 diem
1145 4124 1219 4177 velut
1234 4141 1305 4195 opus
1320 4121 1477 4175 ordinetur.

325 4213 392 4284 [ι3.]
419 4212 539 4284 Ideoque
560 4212 714 4285 perplures
731 4214 770 4266 ire
790 4223 905 4286 possunt
931 4215 1012 4266 ctiam
1037 4212 1227 4285 ‹puaesingulis
1244 4209 1376 4265 tradenda
1398 4218 1474 4263 sunt.

322 4301 454 4373 Pleraque
467 4318 530 4355 vero
543 4302 613 4355 hanc
634 4301 821 4355 conditionem
838 4302 946 4369 habent,
965 4314 994 4356 ut
1014 4303 1108 4356 eadem
1134 4321 1199 4355 voce
1219 4300 1254 4354 ad
1274 4317 1369 4353 omnes
1388 4297 1469 4353 simul

324 4388 506 4463 perferantur.
521 4391 545 4443 Τ
546 4409 611 4445 aceo
623 4390 657 4445 de
673 4390 868 4464 partitionibus
883 4402 910 4445 et
925 4390 1171 4445 declamationibus
1188 4390 1331 4444 rethorum
1351 4406 1358 4442 :
1375 4387 1477 4460 quibus

321 4489 397 4533 certe
407 4490 645 4554 quantuscumque
657 4498 789 4537 uumerus
799 4480 971 4552 adhibeatur,
984 4491 1074 4536 tamen
1087 4482 1278 4553 unusquisque
1291 4488 1381 4534 totum
1393 4476 1479 4532 feret.
