3248 5340
292 492 363 534 cttv
770 481 968 540 APPBNlth.

329 637 432 708 [aa.]...
446 638 552 689 Minora
567 636 647 688 etiam
661 633 767 688 facilins
782 635 901 686 minores
912 633 1083 706 percipiunt,
1097 641 1123 684 rt
1138 643 1166 686 nt
1183 650 1300 706 corpora
1313 633 1346 687 ad
1361 652 1447 706 quos·
1466 647 1541 682 uum
1552 648 1620 683 eman·

292 727 354 780 dant
370 726 556 779 membrorum
571 725 656 778 llexus
666 722 776 776 formari
787 723 838 776 nisi
852 733 943 775 tenera
958 739 1014 774 non
1027 731 1152 794 possunt,
1165 722 1203 774 sic
1213 723 1319 775 animos
1332 741 1446 796 quoque
1494 695 1598 772 'iiidie‘

292 815 327 868 ad
341 815 472 888 ploraque
485 813 611 867 duriores
626 812 712 867 rolmr
725 813 813 884 ipsunt
827 811 901 866 lacit.

330 905 397 975 [ali]
413 904 480 956 Non·
490 914 530 956 est
542 901 628 955 aliena
644 920 694 971 res,
712 919 774 973 qttae
788 900 843 953 lere
856 903 890 952 ab
906 900 1025 953 ltonestis
1040 901 1138 971 negligi
1151 899 1229 973 solet,
1245 919 1310 954 cura
1326 900 1396 954 liene
1412 921 1446 956 ac
1503 909 1594 989 ζῶε,

293 993 423 1046 velociter
437 991 584 1046 scribendi.
602 992 669 1044 Nam
686 1007 748 1044 cum
761 991 797 1043 sit
809 991 836 1043 iu
854 990 953 1043 studiis
964 991 1144 1062 praecipuum,
1161 1008 1273 1063 quoque
1286 989 1346 1043 solo
1365 1009 1446 1045 verus
1504 1001 1590 1034 mse«.

294 1082 340 1136 ille
354 1079 494 1154 profectus
508 1090 534 1133 et
548 1081 609 1134 altis
622 1078 759 1134 radicibus
773 1079 853 1133 nixus
865 1089 987 1152 paretur,
1004 1078 1121 1132 seribere
1137 1097 1144 1132 ε
1158 1078 1263 1133 tardior
1274 1079 1360 1151 stylus
1371 1081 1447 1150 cogi·

296 1172 428 1223 tationem
444 1180 579 1241 moratur,
595 1168 672 1222 rudis
686 1182 713 1221 et
728 1167 860 1220 cool'usus
875 1166 1017 1220 intellectu
1036 1178 1111 1220 caret
1129 1185 1135 1220 :
1153 1165 1227 1220 unde
1237 1168 1363 1240 sequitur
1376 1167 1447 1222 alter

294 1258 414 1313 dictandi
427 1277 488 1330 quac
502 1278 535 1312 ex
550 1258 592 1311 his
603 1256 789 1311 transferenda
800 1266 864 1310 sunt
877 1255 963 1311 labor.

329 1348 397 1419 [im]
411 1346 576 1401 Incredibile
588 1358 630 1400 est
642 1360 777 1418 (ptautum
792 1363 874 1398 morte
889 1345 999 1398 lectioni
1013 1344 1186 1399 festinatione
1198 1345 1354 1418 adjiciatur.
1371 1349 1445 1401 Hinc
1479 1360 1524 1396 sen
1533 1360 1611 1396 πωπω

293 1436 366 1490 etaim
382 1437 486 1490 accedit
498 1435 644 1505 dubitatio,
662 1436 836 1506 intermissio,
853 1435 990 1508 repetitio,
1010 1434 1170 1507 plusquam
1186 1446 1301 1508 possunt
1313 1435 1445 1489 audenti·
1476 1407 1611 1486 didm

294 1528 346 1580 bus
360 1545 367 1580 :
382 1523 482 1579 deinde
495 1544 558 1580 cum
578 1535 705 1579 errarunt
725 1526 806 1578 etiam
823 1525 856 1576 iis
870 1542 932 1596 spur
948 1522 1006 1594 jam
1024 1524 1115 1577 sciunt
1134 1523 1357 1579 diffidentibus...
1375 1525 1443 1597 [aa]

292 1614 319 1667 n·
331 1631 434 1687 quoque
444 1631 536 1668 uersus
550 1615 598 1687 qui
611 1613 651 1666 ad
661 1612 836 1666 intitutionem
844 1610 974 1664 scribendi
983 1619 1167 1685 proponentur
1188 1629 1240 1666 non
1254 1612 1354 1666 otiosus
1368 1612 1445 1668 uelint

295 1704 441 1757 sententiar
454 1702 577 1774 damant,
593 1701 642 1756 sed
650 1702 786 1754 honestum
801 1698 909 1773 aliquid
916 1701 1072 1755 nannentes¹.

331 1790 398 1861 [tu]
414 1790 592 1861 Prosequitur
612 1789 668 1841 ltoeu
682 1791 812 1842 uteutoria
834 1791 863 1841 io
876 1800 1054 1853 serrcctutem,
1077 1799 1103 1842 ct
1128 1791 1256 1862 impressa
1271 1792 1363 1844 animo
1380 1789 1444 1845 rudi

294 1876 428 1951 usquead
442 1895 529 1930 mores
544 1876 702 1949 proficiet...
720 1878 837 1931 Illaxime
850 1878 999 1931 necessaria
1009 1892 1048 1931 est
1061 1879 1198 1935 oratori...
1214 1881 1355 1947 memoria,
1371 1889 1399 1932 et
1412 1898 1445 1932 ea
1502 1894 1593 1930 umora

293 1969 430 2041 praecipue
450 1966 575 2020 strttrotttr
590 1977 673 2038 atque
687 1965 770 2021 alitur
790 1967 995 2039 exercitatione,
1009 1981 1036 2020 et
1052 1968 1079 2020 in
1093 1969 1126 2020 iis
1137 1967 1172 2021 de
1188 1967 1288 2040 quibus
1305 1986 1381 2022 nunu
1401 1969 1447 2022 lo·
1491 1942 1600 1976 m

293 2058 405 2128 quirnttr
425 2054 565 2124 aetatibus,
589 2074 650 2127 quae
670 2055 807 2111 nihildum
827 2058 893 2127 ipsae
906 2075 939 2110 ex
960 2075 988 2110 se
1001 2075 1130 2127 generare
1149 2069 1270 2130 queunt,
1285 2075 1372 2131 prope
1386 2056 1444 2111 sola

293 2156 331 2198 cst
354 2162 414 2216 quac
430 2144 526 2215 juvare
544 2162 638 2197 curam
656 2144 812 2199 docentium
828 2146 922 2218 possit.
946 2145 1051 2217 [37.]...
1071 2145 1158 2198 Multa
1180 2146 1278 2217 linguae
1297 2147 1371 2218 vitia,
1391 2148 1444 2200 nisi
1476 2163 1611 2203 tam-saa

293 2234 388 2307 primis
398 2234 558 2287 eximuntur
572 2235 660 2297 annis,
679 2233 873 2288 inemendabili
896 2235 923 2288 in
936 2245 1076 2308 posterum
1089 2236 1221 2308 pravitate
1239 2234 1388 2290 duremur.
1463 2209 1622 2251 ‘mm

755 2425 792 2476 Es
809 2423 911 2478 Caetra
935 2426 970 2477 ΙΙ.

330 2567 416 2638 [a.]...
432 2566 467 2618 Hi
488 2567 546 2637 (qui
561 2585 597 2618 sc.
621 2565 723 2619 liberos
744 2567 856 2639 privatis
878 2567 1094 2640 praeceptoribus
1115 2566 1238 2640 tradunt)
1257 2568 1326 2623 duas
1345 2571 1446 2642 praeci·
1469 2583 1620 2626 tenpus„

295 2674 350 2729 pue
370 2655 488 2709 rationes
510 2656 586 2727 sequi
611 2654 762 2708 videntur:
783 2673 865 2708 unam
889 2655 965 2727 quod
980 2659 1104 2711 moribus
1126 2658 1210 2728 magis
1233 2656 1378 2712 consuiant
1398 2658 1446 2712 llt-
1477 2629 1611 2708 ’ἔξω

294 2743 393 2816 giendo
419 2743 526 2797 turbam
541 2743 683 2798 hominum
699 2742 758 2815 ejus
772 2744 857 2797 utatis
867 2763 928 2816 quar
943 2746 977 2798 sit
991 2744 1025 2799 ad
1041 2745 1106 2800 vitia
1121 2747 1236 2800 maxime
1251 2764 1337 2820 prona
1352 2765 1358 2801 ι
1372 2746 1447 2802 unde
1497 2781 1593 2815 mm

294 2852 390 2887 causas
402 2833 525 2905 turpium
542 2830 677 2885 sactorum
699 2850 769 2905 sape
793 2833 913 2887 extitisse
933 2835 1038 2886 utinam
1060 2832 1129 2887 salso
1145 2832 1305 2905 jactaretur.
1325 2834 1446 2889 Alteram
1487 2824 1600 2868 ⁶‘¹¹'⁸'⁸¹¹“

294 2922 370 2994 quod
389 2923 513 2994 quisquis
529 2920 639 2974 loturus
651 2931 692 2973 est
706 2920 752 2973 ille
766 2932 926 2994 preceptor,
943 2921 1082 2975 liberalius
1096 2928 1219 2996 tempora
1241 2940 1289 2977 sua
1304 2925 1448 2998 impensu-

295 3029 342 3064 rus
357 3011 405 3063 uni
420 3009 534 3077 ridetur,
551 3026 633 3080 quam
649 3010 671 3061 si
687 3008 823 3063 eudemio
839 3008 932 3080 plures
945 3011 1091 3080 partiatur.

331 3100 382 3170 [3.]
400 3101 477 3153 l‘rior
492 3117 572 3152 causa
588 3117 701 3171 prorsus
714 3101 810 3169 gratis.
832 3100 900 3151 Nam
916 3100 937 3151 si
951 3099 1049 3153 studiis
1061 3099 1172 3172 quidem
1188 3099 1294 3154 scholas
1305 3100 1446 3174 prodesse,
1482 3127 1500 3162 ῃ
1510 3127 1624 3162 mma...

299 3188 422 3242 moribus
437 3199 528 3241 autem
542 3206 640 3241 nocere
654 3198 799 3255 constaret,
816 3187 909 3259 potior
923 3189 991 3241 milti
1016 3189 1085 3242 ratio
1105 3189 1211 3242 vivendi
1231 3188 1344 3244 honeste
1363 3208 1446 3263 quam
1466 3175 1562 3259 mlii
1571 3178 1624 3249 ἔξω

297 3278 335 3331 vel
351 3279 454 3350 optime
474 3276 582 3330 dicendi
598 3277 737 3331 rideretur
742 3316 1443 3339 ........................................
1466 3262 1623 3348 mrum

332 3366 416 3436 [li.]...
434 3368 545 3419 Utinam
565 3365 716 3419 liberorum
742 3375 900 3419 nostrorum
919 3383 1009 3419 mores
1035 3385 1090 3420 uon
1110 3367 1160 3440 ipsi
1186 3367 1372 3440 perderemus.
1399 3371 1449 3422 In·
1493 3412 1563 3446 mh„
1586 3410 1611 3444 ,.

298 3453 409 3509 lantiam
425 3456 515 3507 statim
530 3453 634 3507 deliciis
649 3455 787 3508 solvimus.
804 3454 897 3509 Mollis
918 3455 964 3509 illa
985 3455 1122 3527 educatio,
1150 3475 1232 3529 quam
1252 3457 1448 3528 indulgentiam
1466 3457 1611 3543 ffizssw

296 3560 434 3613 vocamus,
450 3560 546 3595 nervos
559 3561 655 3596 onttres
670 3553 697 3595 et
715 3545 812 3596 attentis
834 3557 862 3597 ct
880 3546 1004 3617 corporis
1023 3545 1132 3616 frangit.
1158 3546 1235 3612 Quid
1257 3566 1313 3601 tum
1338 3546 1450 3602 adultus
1491 3599 1603 3633 ,mm

297 3632 472 3702 concupiscet
485 3633 571 3703 quiin
585 3633 716 3705 purpuris
731 3632 959 3706 rapiti-'Nondum
972 3636 1059 3706 prima
1080 3635 1162 3689 verba
1177 3637 1314 3709 exprimit,
1340 3647 1367 3689 et
1391 3635 1449 3708 jam
1486 3643 1608 3723 ,epm

297 3738 410 3775 coccum
426 3720 563 3793 intelligit,
575 3720 633 3792 jam
648 3721 816 3776 conchilium
831 3724 932 3795 poscit.
952 3724 1003 3796 [7.]
1024 3727 1092 3777 Ante
1110 3725 1232 3798 palatum
1256 3743 1351 3780 eurum
1367 3743 1451 3798 quam

297 3829 328 3863 os
343 3810 564 3882 instituitnus3...
579 3812 729 3882 gaudemus
741 3813 762 3865 si
775 3811 843 3883 quid
856 3812 982 3868 licentius
997 3813 1149 3871 dixerint...

334 3901 417 3972 [8..].
434 3902 524 3953 l'itex
548 3901 590 3954 lais
602 3901 785 3974 consuetudo,
800 3900 900 3954 deittdc
916 3912 1023 3960 natura.
1041 3905 1155 3958 Discunt
1170 3904 1226 3957 hae
1250 3905 1340 3959 miseri
1368 3916 1449 3960 ante-
1489 3920 1611 3963 muare·

298 4008 381 4061 quam
394 3991 480 4043 sciant
494 3991 556 4043 vitia
572 4009 640 4044 esse.
654 3991 721 4044 lude
733 3990 815 4045 soluti
831 4010 862 4043 ac
882 3992 996 4045 lluentes
1009 4011 1064 4046 non
1085 3994 1224 4066 accipiunt
1239 4014 1254 4047 e
1269 3994 1370 4048 scholis
1380 3995 1451 4049 mala
1505 3966 1595 4053 m.

299 4081 358 4145 ista,
372 4079 417 4132 sed
433 4081 462 4132 in
472 4080 577 4133 scholas
592 4079 722 4135 asserunt.

335 4171 420 4242 lul...
446 4172 574 4243 O'ptitnus
598 4172 714 4243 quisque
735 4183 920 4245 praeceptor...
946 4172 1049 4244 tnajore
1073 4193 1100 4226 se
1126 4175 1232 4228 theatro
1261 4174 1373 4246 dignum
1397 4194 1453 4248 pu·
1511 4214 1598 4255 opum,

299 4272 346 4314 tat.
1488 4264 1618 4345 migr

339 4461 359 4507 Ι.
375 4459 409 4507 Ca
425 4474 522 4524 passage
533 4458 593 4510 aete
607 4459 652 4509 mis
670 4476 700 4509 en
717 4475 797 4525 marga
811 4469 834 4509 et
852 4459 959 4524 soutigne
977 4475 1021 4526 par
1034 4460 1134 4510 llariue.
