3248 5340
323 498 416 541 cxcvi
798 479 996 534 APPENDIX.

322 650 426 709 orator,
446 637 620 690 disseramus.
637 633 773 685 Numeros
787 632 888 684 musica
902 630 1026 698 duplices
1045 628 1139 697 habet,
1158 631 1186 683 in
1203 629 1316 683 vocibus
1329 641 1358 684 et
1372 632 1399 684 in
1414 648 1477 684 cor-

325 747 391 801 pore
405 747 412 781 ε
425 728 570 798 utriusque
581 724 653 776 enim
668 721 706 774 rei
723 730 805 793 aptus
821 718 919 773 modus
936 719 1117 773 desideratur.
1143 721 1228 773 Vocis
1247 721 1381 773 mtionem
1400 721 1478 773 Aris-

321 826 439 869 toxenus
452 814 575 867 musicus
590 808 689 862 dii-idn
701 809 729 861 in
742 808 858 861 ritlunon
869 818 896 860 et
904 806 983 861 inelos
992 818 1018 860 et
1034 816 1143 874 metron,
1159 826 1278 879 quorum
1292 808 1409 862 alterum
1422 828 1479 863 rno-

321 904 471 968 dulatioue,
488 901 605 955 alterum
620 915 721 952 cariore
737 915 769 949 ac
790 899 864 950 sonis
889 907 1005 950 (tuirstat.
1028 898 1099 950 Num
1119 897 1203 968 igitur
1222 915 1278 949 nou
1301 896 1358 950 lroec
1382 900 1477 952 omnia

321 993 421 1045 oratori
441 990 606 1045 necessaria?
631 990 759 1055 Quorum
776 1004 864 1039 trurtm
884 985 918 1038 ad
937 997 1052 1056 gestum,
1071 984 1190 1039 alterum
1210 984 1243 1038 ad
1264 984 1477 1041 collocationem

320 1081 477 1146 verborum,
498 1079 609 1131 tertium
619 1076 653 1129 ad
657 1074 779 1147 ῘῙωτιιηιί
796 1075 879 1145 vocis,
899 1077 947 1146 qui
966 1087 1031 1128 sunt
1047 1072 1194 1145 iungendo
1214 1092 1326 1146 quoque
1350 1075 1475 1148 plurimi,

320 1172 449 1243 pertinet.
473 1168 541 1238 [as]
565 1166 623 1219 Nisi
644 1165 716 1218 forte
742 1165 768 1217 in
788 1164 955 1217 uarrrrinibns
983 1174 1088 1218 tantum
1109 1174 1136 1216 ct
1157 1164 1185 1216 in
1217 1164 1331 1216 tatrticis
1358 1166 1478 1235 exigitur

320 1270 457 1313 structura
472 1256 596 1330 quaedam
611 1265 636 1307 et
654 1253 788 1307 inoffensa
802 1253 942 1327 coptrlatio
955 1272 1064 1320 vortam,
1080 1256 1107 1306 in
1127 1253 1233 1324 agendo
1248 1265 1474 1326 supervacuam,

320 1359 367 1401 aut
379 1367 433 1400 non
448 1346 613 1417 compositio
624 1355 651 1397 et
662 1361 745 1396 sonus
758 1343 786 1395 iu
799 1343 923 1395 oratione
931 1361 1043 1414 quoque
1058 1344 1140 1415 varic,
1157 1362 1208 1415 pro
1218 1360 1310 1395 rerum
1325 1342 1417 1412 ruodo,
1426 1342 1476 1396 ad·

316 1438 437 1501 hibetur,
453 1436 524 1488 sieut
545 1435 572 1486 iu
597 1434 711 1488 musica.
730 1432 798 1502 [ab]
819 1432 943 1503 Namque
963 1443 989 1485 et
1010 1451 1074 1484 soree
1098 1443 1124 1485 ct
1145 1431 1332 1485 modulatione
1357 1431 1476 1503 grandia

319 1525 397 1593 elate,
414 1524 531 1578 iocunda
546 1522 675 1591 dulciter,
688 1520 829 1574 moderata
842 1520 939 1573 leniter
952 1523 1025 1573 cauit
1040 1540 1047 1574 ι
1061 1532 1174 1593 totaque
1189 1531 1246 1574 arte
1258 1522 1394 1575 consentit
1411 1540 1476 1576 cum

318 1633 424 1685 eorum,
441 1632 502 1686 quae
516 1612 658 1681 dicuntur,
673 1609 827 1664 affectibus.
847 1610 915 1680 [ai]
928 1612 1009 1682 Atqui
1026 1611 1053 1663 in
1070 1609 1174 1664 orando
1185 1627 1295 1682 qumque
1304 1611 1420 1664 intentio
1429 1629 1476 1665 vo·

320 1706 367 1773 cis,
390 1703 523 1769 remissio,
543 1703 638 1769 llexus,
654 1702 773 1774 pertinet
785 1698 820 1752 ad
833 1698 984 1752 inurendos
995 1700 1166 1754 audientium
1179 1701 1295 1766 animos,
1320 1699 1428 1771 aliaque
1448 1711 1474 1754 et

317 1792 506 1846 collocationis
519 1801 545 1844 et
561 1791 642 1860 vocis,
655 1799 686 1842 ut
700 1788 796 1842 eodem
811 1798 874 1841 utar
884 1787 979 1858 verbo,
991 1788 1180 1842 modulatione
1194 1789 1408 1842 concitationem
1427 1789 1476 1843 itt·

317 1881 420 1951 dicum,
437 1881 489 1934 alia
506 1878 718 1933 misericordiam
732 1877 859 1950 petimus,
877 1894 940 1930 cunr
960 1878 1041 1930 etiarn
1065 1878 1174 1948 organis
1193 1895 1254 1949 quae.
1272 1879 1386 1949 exprimi
1416 1898 1474 1933 non

317 1982 441 2040 possunt,
453 1968 526 2022 antei
538 1970 642 2021 animos
656 1969 684 2019 in
697 1967 834 2020 diversum
848 1965 972 2019 habiturn
989 1968 1147 2021 sentiamus.
1165 1966 1231 2037 [ub]
1250 1967 1383 2040 Corporis
1398 1986 1472 2040 quo-

316 2077 370 2130 que
384 2069 464 2129 aptus
478 2066 506 2110 et
519 2055 617 2109 decens
632 2068 755 2110 tuotus...
774 2067 814 2109 est
829 2057 1005 2127 necessarius,
1032 2074 1081 2109 nee
1101 2055 1212 2109 alimrde
1233 2056 1287 2128 peti
1304 2068 1394 2128 potest
1415 2077 1422 2112 :
1443 2061 1472 2113 in

316 2147 446 2219 quo'pars
460 2147 575 2198 actionis
590 2164 644 2198 non
664 2147 776 2198 minima
790 2146 953 2198 consistit...
969 2145 1071 2216 [27.]...
1089 2145 1207 2200 Habebit
1223 2150 1251 2202 iu
1268 2148 1365 2221 primis
1377 2167 1472 2205 curam

316 2236 389 2287 vocis
398 2245 510 2287 orator:
526 2233 593 2303 quid
603 2243 657 2285 tatu
683 2234 793 2286 ruusicae
807 2234 970 2306 proprium?
975 2273 1467 2297 ,,,,,,,,,,,,,,,,,,,,,,,,,,,,

353 2323 454 2393 [ap.]...
472 2323 535 2374 llaec
549 2304 655 2375 diutius
670 2333 761 2375 torent
777 2321 902 2391 dicenda,
917 2323 940 2374 si
956 2321 1008 2375 boe
1023 2322 1145 2377 studium
1162 2325 1235 2379 velut
1257 2345 1358 2381 novum
1376 2328 1474 2400 praeei-

316 2430 418 2486 perem.
435 2411 502 2483 [im]
514 2413 584 2465 Cum
600 2429 663 2464 vero
681 2411 834 2482 antiquitus
850 2429 864 2463 a
879 2411 1000 2465 Chirone
1016 2422 1098 2483 atque
1121 2413 1223 2468 tehitte
1239 2415 1275 2469 ad
1299 2428 1395 2470 nostra
1422 2434 1466 2471 us·

315 2520 369 2573 que
379 2512 501 2573 tempora
514 2499 586 2572 apud
603 2517 706 2570 omnes,
721 2501 769 2571 qui
785 2499 867 2553 inodo
882 2499 1028 2571 legitimam
1043 2500 1215 2575 disciplinans
1231 2523 1286 2559 nort
1298 2506 1351 2560 siut
1366 2507 1470 2577 perosi,

315 2589 467 2660 duraverit,
478 2608 533 2644 uon
545 2600 584 2642 est
594 2588 822 2643 committendum
840 2600 871 2642 ut
886 2589 930 2643 illa
943 2589 1026 2644 dubia
1042 2590 1320 2665 laciamldelensionis
1333 2594 1473 2649 sollicitu-

314 2679 424 2750 dine,...
451 2677 550 2754 lidi...
574 2696 636 2749 quoe
662 2681 683 2731 si
711 2678 747 2731 ab
774 2690 883 2732 oratore
911 2679 966 2733 dici
990 2680 1121 2751 debet,...
1149 2683 1290 2755 quomodo
1317 2703 1373 2738 uon
1402 2684 1472 2738 banc

314 2788 425 2842 quoque
441 2779 525 2823 artem
544 2768 721 2821 necessariam
737 2787 794 2821 esse
805 2769 882 2840 operi
896 2780 990 2822 nostro
1004 2769 1043 2822 vcl
1060 2772 1147 2842 iniqui
1163 2775 1354 2826 consentient?

669 2967 761 3019 Cruor
780 2965 857 3021 t'ttt.
881 2967 919 3017 De
937 2966 1092 3036 gronrrtria.

350 3135 416 3214 [34]
432 3141 463 3192 Iu
476 3136 623 3209 geometria
643 3146 746 3209 partem
763 3135 883 3188 latentur
898 3154 954 3189 esse
974 3135 1068 3190 utilem
1085 3138 1184 3191 teneris
1202 3141 1351 3194 aetatibus:
1374 3141 1469 3212 agitari

313 3247 432 3302 namque
446 3229 561 3298 animos,
572 3239 599 3280 et
613 3228 673 3280 acui
691 3226 808 3296 ingenia,
820 3235 847 3277 et
861 3223 1027 3278 celeritatem
1041 3227 1209 3299 percipiendi
1224 3230 1315 3282 venire
1331 3229 1394 3283 inde
1407 3249 1470 3284 eou-

313 3319 428 3388 cedunt,
441 3317 487 3370 sed
500 3317 627 3389 prodesse
637 3333 706 3386 eam,
721 3332 777 3367 rron
792 3325 822 3367 ut
836 3326 939 3368 ceteras
951 3329 1032 3386 artes,
1047 3332 1108 3369 cum
1123 3329 1256 3389 perceptae
1271 3319 1335 3390 sint,
1348 3319 1395 3373 secl
1404 3339 1470 3374 cuns

313 3406 441 3474 discatur,
458 3407 624 3458 existimant.
641 3402 710 3476 [ii]
726 3403 759 3456 Id
772 3402 888 3473 vulgaris
898 3404 994 3475 opinio
1004 3415 1058 3475 est,
1075 3424 1127 3459 nee
1138 3407 1197 3459 sine
1212 3425 1293 3461 causa
1305 3410 1406 3462 summi
1417 3409 1468 3464 viri

312 3495 393 3547 etiam
410 3494 558 3565 impensam
575 3493 638 3546 bnic
653 3493 729 3565 operi
745 3493 886 3545 scientiam
900 3491 1047 3547 dederunt.
1061 3495 1129 3548 Nam
1145 3514 1207 3550 cum
1220 3499 1367 3566 geometria
1383 3497 1468 3552 divisa

313 3582 347 3634 sit
357 3583 384 3634 in
395 3599 525 3634 uumerus
538 3592 620 3653 atquc
634 3580 744 3650 lormas,
755 3598 935 3635 numerorum
946 3582 1058 3654 quidem
1073 3585 1173 3638 noticia
1184 3604 1239 3638 non
1253 3588 1356 3640 oratori
1373 3587 1467 3660 modo,

312 3669 358 3723 sed
373 3671 538 3742 cuicumque
553 3671 648 3743 primis
662 3669 756 3724 saltem
771 3669 867 3723 litteris
886 3671 1009 3743 erudito,
1025 3675 1173 3727 necessaria
1187 3689 1236 3727 est.
1250 3676 1281 3728 ln
1301 3677 1390 3729 causis
1404 3695 1468 3730 vero

313 3759 352 3814 rel
374 3759 591 3832 frequentissime
608 3760 705 3813 versari
718 3759 797 3831 solet,
808 3760 946 3830 inquibus
958 3776 1045 3825 actor,
1061 3781 1115 3816 non
1128 3763 1201 3835 dico,
1222 3766 1242 3816 si
1257 3766 1329 3817 eirca
1347 3782 1468 3819 summas

311 3849 439 3923 trepidat,
451 3850 495 3902 sed
507 3853 528 3903 si
538 3850 685 3921 digitorum
695 3848 788 3902 saltem
800 3847 996 3922 incertolaut2]
1008 3851 1138 3905 indecoro
1149 3863 1249 3923 gestua
1261 3856 1467 3926 computatione

311 3939 447 4007 discessit,
469 3939 608 3992 iudicatur
627 3939 763 3993 indoctus.
787 3937 856 4010 [ib]
880 3937 927 3991 [lla
952 3958 1014 3992 vero
1030 3939 1140 3994 linearis
1160 3944 1230 3995 ratio
1244 3956 1270 3996 et
1286 3944 1342 4015 ipsa
1353 3942 1466 4015 quidem

311 4029 383 4082 cadit
398 4028 555 4100 frequenter
569 4030 595 4081 in
612 4047 720 4097 sarisas,
735 4045 796 4079 nam
809 4026 844 4080 (lc
860 4028 983 4081 terminis
994 4033 1182 4103 mensurisque
1194 4042 1257 4085 sunt
1268 4030 1344 4103 lites3
1357 4032 1402 4085 sed
1418 4033 1467 4086 ba-

311 4118 376 4171 bent
390 4119 519 4171 maiorem
534 4116 680 4189 quamdam
699 4116 779 4169 aliam
798 4134 861 4169 cum
880 4128 938 4170 arte
953 4120 1072 4171 oratoria
1096 4123 1298 4191 cognationem.
1315 4121 1390 4192 [sp]
1409 4123 1464 4174 lam

310 4209 429 4278 primum
442 4206 511 4260 ordo
526 4218 565 4261 est
582 4207 736 4277 geometrice
750 4207 937 4259 necessarius:
958 4225 1048 4261 norrne
1065 4219 1091 4261 et
1112 4208 1292 4282 eloquentia?
1307 4212 1345 4263 Et
1362 4211 1465 4282 priori-

346 4389 367 4435 1.
382 4385 401 4434 ΙΙ
413 4385 517 4436 faudrait
531 4384 620 4454 lieren.

342 4472 367 4519 2.
383 4469 410 4519 le
419 4469 581 4531 retablisant,
594 4467 718 4536 supprime
731 4484 774 4535 par
788 4467 816 4520 u.
827 4468 857 4518 de
870 4466 909 4531 ll,
924 4485 994 4536 {aree
1005 4469 1066 4535 qu'il
1080 4480 1115 4521 est
1133 4469 1267 4524 nieessairc
1278 4490 1309 4525 au
1320 4487 1383 4524 sens.
