3248 5340
600 462 800 519 APPusnlx.
1169 430 1275 520 ¹casm

158 617 248 686 [Vlll,
267 617 303 683 1.]
316 614 444 686 Superest
461 612 559 667 lectio:
577 614 671 684 inqua
688 623 720 666 ut
732 630 804 684 puer
819 612 887 665 sciat
905 611 952 665 ubi
967 612 1094 683 spiritum
1111 614 1277 685 suspendere

121 706 230 775 debeat,
246 721 303 774 quo
319 701 380 755 loeo
393 719 499 754 versum
510 701 691 772 distinguere,
707 702 754 754 ubi
770 700 915 754 claudatur
928 719 1033 770 sensus,
1054 700 1127 754 trude
1153 701 1275 774 incipiat,

121 794 234 866 (plaudo
248 790 398 844 attollenda
413 788 453 842 vel
467 789 660 843 summittenda
680 792 714 844 sit
730 808 790 859 vox,
810 789 878 860 quid
892 806 1003 860 qnoque
1024 789 1108 856 flexu,
1130 790 1197 861 qtrid
1218 790 1276 844 len-

122 883 186 947 tius,
198 879 322 949 celerius,
340 880 513 945 concitatius,
532 878 620 932 lenius
635 877 793 947 dicendum,
814 878 996 931 demonstrari
1011 879 1062 930 nisi
1079 880 1107 930 in
1123 880 1182 949 ipso
1196 898 1278 951 opere

122 990 178 1024 non
194 979 291 1042 potest.
310 972 358 1039 [a.]
374 969 467 1021 Unum
483 978 521 1020 est
536 968 619 1037 igitur
632 966 708 1038 quod
723 969 749 1020 in
768 966 819 1020 hae
839 976 916 1040 parte
935 968 1089 1039 praecipiam
1107 985 1114 1020 z
1139 981 1169 1020 ut
1185 970 1278 1021 omnia

124 1063 173 1113 ista
186 1058 274 1112 lacere
286 1059 381 1129 possit,
398 1056 539 1126 intelligat.
556 1057 594 1109 Sit
610 1070 701 1109 autem
719 1057 746 1108 in
761 1057 855 1128 primis
869 1055 951 1108 lectio
962 1056 1054 1123 virilis,
1071 1066 1172 1110 etcum
1187 1059 1278 1110 suavi-

122 1159 176 1202 tate
192 1146 309 1218 quadam
324 1147 419 1215 gravis,
436 1163 486 1197 nec
500 1163 587 1215 prosae
597 1144 702 1214 similis,
717 1146 782 1216 quia
796 1163 906 1198 carmen
921 1155 970 1215 est,
990 1156 1016 1197 et
1036 1163 1063 1197 se
1083 1155 1171 1218 poetae
1181 1164 1279 1200 canere

123 1246 272 1305 testantur,
291 1235 389 1287 nonin
405 1234 541 1286 canticum
555 1232 698 1303 dissoluta,
714 1252 774 1304 nee,
788 1245 818 1288 ut
833 1251 907 1285 nunc
922 1232 961 1301 sit,
980 1231 1137 1287 effeminata
1153 1253 1160 1287 t
1176 1234 1279 1306 dequo

122 1342 221 1395 genere
235 1324 339 1396 optime
352 1323 485 1375 Caesarem
498 1324 654 1394 accepimus
668 1321 789 1377 dixisse:
806 1321 832 1375 Si
848 1332 950 1392 cautas,
966 1321 1149 1392 malecautus,
1167 1324 1187 1376 si
1202 1324 1276 1393 legis,

123 1424 217 1467 cantas
230 1450 1273 1470 ...........................................................

159 1501 241 1569 [8.].,.
265 1502 354 1554 Latini
374 1499 482 1552 αιιὶειιι1
502 1513 628 1552 attctores
642 1497 757 1552 afferent
780 1498 885 1570 alicprid
904 1501 1084 1554 auctoritatis.
1103 1499 1155 1552 Sed
1175 1501 1268 1573 pueris

123 1609 183 1663 quoe
198 1591 314 1643 maxime
330 1590 468 1658 ingenium
487 1588 561 1641 alant
578 1599 660 1659 atque
678 1588 801 1641 animum
816 1598 941 1657 augeant,
963 1587 1147 1658 praelegenda,
1165 1590 1277 1654 ceteris,

123 1696 183 1751 quae
200 1678 234 1731 ad
255 1676 439 1733 eruditionem
456 1676 538 1729 modo
555 1677 704 1747 pertinent,
723 1676 802 1747 longa
821 1686 885 1729 oetas
905 1678 1023 1748 spatium
1047 1676 1131 1729 dabit.
1160 1676 1280 1732 Multum

126 1781 215 1821 autem
231 1777 334 1820 veteres
347 1766 436 1819 Latini
448 1764 605 1833 conferunt,
617 1783 775 1837 quanquam
788 1764 912 1838 plerique
926 1764 988 1838 plus
1002 1766 1111 1835 iugenio
1125 1783 1207 1837 quam
1221 1778 1280 1819 arte

125 1855 283 1926 valuerunt,
298 1855 433 1928 imprimis
448 1873 530 1926 opera
547 1854 705 1924 verborum,
721 1871 840 1925 qnorum
855 1855 882 1906 in
896 1853 1034 1923 tragoediis
1050 1856 1176 1924 gravitas,
1189 1857 1217 1908 in
1230 1873 1279 1907 co·

126 1943 230 1998 rnoediis
245 1944 412 2014 elegantia...
431 1944 547 1996 inveniri
563 1954 687 2014 potest...
705 1946 772 2010 [to]
789 1943 914 2015 Denicpre
935 1942 1080 1996 credamus
1094 1945 1207 1996 summis
1222 1961 1281 1997 ora·

125 2034 239 2100 toribus,
252 2032 300 2103 qni
315 2042 436 2084 veterum
456 2043 591 2102 poemata,
610 2030 650 2084 vel
661 2030 695 2084 ad
710 2031 792 2084 fidem
807 2048 961 2099 causarum,
975 2031 1015 2083 vel
1036 2031 1069 2084 ad
1087 2043 1279 2087 ornamentum

124 2122 287 2192 eloquentiae
301 2132 452 2173 assumunt.
471 2120 541 2188 [11.]
556 2122 623 2173 Nam
641 2121 779 2193 praecipue
805 2119 917 2190 quidem
939 2120 1013 2192 apud
1028 2121 1197 2191 Ciceronem,
1225 2120 1280 2174 fre-

125 2220 240 2282 quenter
258 2211 340 2261 etiam
358 2208 431 2279 apud
450 2210 575 2261 Asinium
592 2223 618 2261 et
635 2220 774 2264 eeteros...
798 2208 916 2262 riclimns
931 2210 1027 2273 Ennii,
1045 2210 1136 2279 Accii,
1155 2210 1279 2275 Pacuvii,

126 2297 241 2370 Lucilii,
256 2299 394 2362 Terentii,
410 2295 511 2350 Caecilii
525 2308 551 2349 et
563 2297 680 2350 aliorum
701 2299 783 2351 inseri
801 2315 908 2366 versus,
926 2315 1031 2350 sunnna
1047 2316 1101 2351 uon
1118 2297 1281 2352 eruditionis

126 2385 208 2438 inodo
227 2387 324 2455 gratia,
346 2384 492 2438 sedetiam
513 2385 690 2439 iocunditatis
712 2406 718 2439 :
791 2389 858 2454 [rm]
931 2387 1036 2458 estque²
1059 2405 1114 2439 non
1136 2387 1281 2440 memneris

127 2475 241 2544 utilitas,
258 2493 321 2527 cnm
342 2475 484 2527 sententiis
505 2493 610 2535 eorum,
633 2474 706 2529 velut
724 2474 888 2547 ‹pulsusclam
910 2477 1082 2543 testimoniis,
1100 2494 1162 2546 qna
1178 2493 1280 2549 propo·

127 2581 203 2616 suere
224 2562 387 2617 confirment
396 2603 1275 2623 ..................................................

209 2652 277 2722 [sd]
294 2654 350 2704 lam
366 2670 429 2704 vero
449 2654 551 2704 stridore
567 2670 632 2705 cura
646 2653 742 2705 doceat
755 2652 921 2727 praeceptat
937 2664 1031 2726 tropos
1053 2672 1161 2723 onmes,
1179 2655 1281 2724 qttibns

125 2742 260 2813 praecipne
278 2759 334 2793 nou
358 2759 455 2812 poema
473 2739 564 2805 modo,
585 2740 633 2793 sed
655 2743 736 2794 etiam
757 2743 846 2795 oratio
867 2753 1003 2796 ornatur:
1029 2753 1145 2794 scemata
1169 2743 1249 2795 ctiam
1271 2741 1281 2773 l

126 2840 250 2901 utraque,
267 2828 348 2881 idest
366 2829 498 2898 figuras...
513 2829 581 2899 [tp]
594 2831 731 2902 Praecipue
742 2848 806 2883 rero
821 2828 866 2883 illa
875 2830 968 2900 infigat
978 2832 1085 2900 areimis,
1100 2849 1161 2902 qiroe
1172 2832 1282 2883 irroeco·

126 2919 216 2970 riornia
231 2919 330 2985 virtus,
347 2934 408 2988 qua:
424 2918 452 2969 in
480 2917 579 2969 decore
602 2936 710 2988 rernm,
735 2917 802 2990 quid
821 2937 964 2990 personnae
984 2921 1084 2990 cuique
1105 2921 1278 2986 conveneritq

125 3005 191 3077 quid
216 3007 243 3058 in
266 3005 392 3059 sensibus
412 3005 591 3073 laudandum,
608 3006 676 3077 qnid
701 3009 728 3060 in
750 3006 851 3077 verbis,
875 3009 922 3059 uta
946 3009 1027 3080 eopia
1043 3006 1203 3079 probabilis,
1233 3008 1280 3060 ubi

126 3093 233 3147 modus.
254 3094 322 3164 [18.]
341 3096 390 3147 llis
405 3093 509 3147 aceedit
528 3097 665 3148 enarratio
678 3095 866 3163 historiarum,
884 3095 1000 3166 diligens
1017 3095 1129 3167 quidem
1146 3095 1202 3164 illa,
1224 3114 1280 3148 non

125 3197 215 3235 tarnen
230 3199 315 3253 usqne
329 3181 363 3235 ad
376 3200 576 3254 supervacuum
591 3183 712 3236 laborem
728 3195 872 3256 occupata.
895 3185 962 3237 Nam
981 3197 1114 3256 receptas,
1132 3194 1178 3235 aut
1194 3201 1209 3235 a
1222 3182 1281 3235 cla-

126 3271 162 3323 ris
177 3280 250 3324 certe
261 3272 421 3324 electoribus
431 3282 602 3337 memoratas,
617 3274 774 3345 exposuisse
789 3273 854 3324 satis
873 3282 921 3325 est.
943 3274 1070 3343 Persequi
1084 3270 1195 3343 (pridem
1212 3270 1279 3342 quicl

123 3360 186 3430 quis
198 3378 318 3431 reliquam
333 3362 629 3431 contemptissimorum
645 3359 789 3413 hominum
804 3360 919 3430 dixerit,
936 3374 982 3413 aut
998 3361 1089 3413 nimia·
1105 3360 1219 3413 miseriae
1233 3371 1281 3412 atat

127 3449 214 3501 inanis
228 3450 421 3514 iactantiaeest,
434 3460 460 3501 et
472 3447 573 3501 detinet
589 3461 671 3520 atque
686 3450 780 3502 obruit
798 3450 904 3519 ingenia
922 3449 1020 3505 melius
1041 3449 1101 3503 aliis
1120 3460 1280 3504 vacatura...

215 3537 319 3608 [21.]...
338 3539 378 3589 Ex
400 3555 456 3608 quo
476 3536 557 3589 michi
578 3540 650 3590 iuter·
667 3539 779 3592 virtutes
801 3540 971 3607 grammatici
994 3539 1141 3593 lrabeliitnr
1162 3557 1169 3593 ε
1189 3538 1280 3609 aliqua

126 3643 237 3679 nesctrre.

425 3823 517 3874 Csenr
533 3824 567 3875 V.
589 3824 628 3874 Dc
644 3821 730 3892 officio
738 3823 923 3894 grammatici.

161 3962 221 4032 [tx.
242 3963 278 4032 1.]
294 3963 389 4015 Finitte
400 3962 511 4033 quidem
524 3974 588 4016 sunt
601 3975 691 4035 partes
702 3963 764 4017 duee
778 3983 846 4036 quas
856 3964 912 4017 haec
927 3962 1062 4034 professio
1078 3963 1230 4036 profitetur,
1252 3963 1278 4014 id

125 4060 165 4102 est
180 4051 250 4104 ratio
263 4049 392 4122 loquendi
406 4061 432 4103 et
446 4053 583 4104 enarratio
595 4064 740 4106 auctorum
754 4071 760 4106 :
774 4071 892 4125 qrtarum
913 4051 988 4106 illam
1008 4051 1191 4120 methodicen,
1210 4050 1280 4104 hanc

162 4197 185 4242 l.
200 4199 287 4242 Autem
310 4192 382 4242 aete
400 4192 519 4243 substituti
541 4194 554 4243 i
573 4211 674 4263 qicoqne,
764 4199 788 4246 3.
814 4200 952 4262 Praeceptor·
979 4194 1060 4262 aiente
1079 4211 1122 4261 par
1143 4193 1172 4243 Ε.
1196 4194 1226 4242 de
1248 4192 1277 4243 ll.

126 4282 170 4334 par
182 4268 209 4318 E.
224 4268 254 4317 de
268 4268 309 4331 ll„
325 4269 418 4318 leanse
432 4269 462 4318 de
473 4269 496 4318 la
511 4285 626 4335 conpare.
730 4287 792 4338 pour
808 4271 880 4321 relier
895 4271 917 4321 le
932 4279 1006 4321 texte.

160 4350 185 4398 2.
202 4352 294 4415 Estque
306 4349 351 4398 mis
361 4364 404 4414 par
415 4348 442 4398 E.
456 4348 488 4398 de
503 4349 533 4398 li.
546 4349 561 4398 l
576 4348 599 4398 la
611 4350 679 4415 place
765 4349 788 4396 l.
803 4347 884 4395 Etiam
898 4364 906 4394 :
922 4347 953 4396 id.

125 4419 258 4487 dequibus
268 4422 371 4486 accedit,
387 4439 449 4490 pour
461 4423 482 4473 la
497 4425 575 4474 meme
587 4425 676 4474 raison.
