3248 5340
298 496 331 545 m
629 486 668 542 u.
692 486 808 541 mnu
834 486 1114 558 Qutnrumm

298 657 369 732 est;
394 641 494 730 alter,
518 640 579 737 qui
598 641 815 739 omnia,per
841 665 920 738 quae
932 664 1049 714 sermo
1072 640 1240 731 nectitur,
1263 638 1455 733 significat,

300 778 337 833 ut
359 761 456 860 apud
470 762 656 831 Horatium
676 787 685 831 t

498 937 648 1011 Verbaque
662 937 805 1012 provisam
821 954 881 992 reru
896 955 956 993 non
971 935 1058 993 invita
1074 948 1253 1012 sequentur3

299 1114 401 1204 alter,
423 1116 457 1185 in
482 1140 556 1211 quo
572 1129 625 1185 est
645 1138 715 1184 una
741 1138 822 1212 pars
838 1114 1027 1203 orationis,
1052 1116 1140 1212 lego,
1167 1114 1277 1185 scribo
1303 1142 1312 1184 .·
1343 1139 1456 1211 quam

302 1236 450 1307 vitantes
475 1233 743 1330 ambiguitatem
781 1233 927 1331 quidam
967 1235 1087 1306 dicere
1111 1235 1313 1306 maluerunt
1332 1259 1454 1322 voces,
1488 1267 1503 1311 s

253 1361 271 1418 3
299 1356 518 1447 locutiones,
540 1354 729 1430 dictiones.
755 1355 899 1449 Singula
930 1370 1013 1427 sunt
1036 1372 1099 1427 aut
1122 1372 1243 1427 nostra
1265 1372 1328 1427 aut
1351 1380 1457 1455 pere·

300 1478 412 1573 grino,
429 1492 489 1548 aut
512 1476 681 1575 simplicia
698 1491 760 1547 aut
780 1477 993 1574 composita,
1008 1492 1070 1547 aut
1096 1478 1242 1575 propria
1261 1492 1323 1549 aut
1342 1491 1458 1548 trans-

301 1599 384 1689 lata,
399 1612 461 1669 aut
482 1599 608 1670 usitata
622 1611 685 1667 aut
704 1596 798 1668 ficta.

348 1721 417 1791 Uni
439 1719 550 1790 verbo
580 1719 706 1789 vitium
721 1719 846 1816 saepius
869 1743 977 1815 quam
995 1719 1106 1790 virtus
1126 1719 1228 1790 inest.
1246 1719 1343 1790 Licet
1359 1719 1457 1792 enim

301 1840 462 1913 dicantus
480 1837 614 1937 aliquid
639 1839 839 1936 proprium,
863 1839 1076 1938 speciosum,
1098 1839 1262 1929 sublime,
1286 1839 1376 1911 nihil
1401 1855 1457 1912 ta·
1489 1866 1520 1910 m

302 1987 384 2033 men
414 1961 546 2032 horum
581 1960 647 2030 nisi
677 1961 712 2030 io
742 1959 930 2057 complexu
969 1959 1140 2058 loquendi
1171 1961 1334 2056 serieque
1367 1987 1458 2032 con·

301 2083 428 2178 tingit:
460 2079 646 2152 laudamus
669 2082 765 2151 enim
791 2079 898 2152 verba
923 2080 1017 2152 bene
1035 2080 1143 2152 rebus
1164 2081 1455 2154 accommodata.

255 2204 274 2260 4
301 2200 381 2274 Sola
406 2217 470 2290 est,
502 2227 580 2299 quae
608 2202 726 2272 notari
751 2202 862 2298 possit
890 2200 987 2272 velut
1013 2203 1193 2291 vocalitas,
1222 2227 1302 2299 quae
1328 2207 1460 2300 εὐφωνία

302 2322 434 2394 dicitur
460 2323 588 2420 :cujus
606 2323 643 2393 in
659 2347 702 2393 eo
723 2321 881 2394 delectus
901 2339 971 2413 est,
993 2339 1031 2395 ut
1051 2322 1242 2413 interduo,
1261 2349 1340 2420 quae
1359 2322 1458 2395 idem

301 2442 501 2540 significant
532 2467 573 2514 ac
597 2442 809 2514 tantundem
831 2443 963 2536 valent,
988 2443 1088 2541 quod
1107 2445 1232 2516 melius
1254 2461 1357 2516 sonet
1379 2470 1457 2516 ma·
1492 2466 1521 2508 tr»

302 2564 355 2635 tis.

256 2687 275 2746 5
354 2685 470 2756 Prima
491 2684 695 2755 barbarum·
718 2709 760 2756 ac
780 2683 958 2757 solcrcimu
983 2685 1124 2757 foeditas
1143 2685 1246 2780 absit.
1280 2686 1349 2758 Sed
1372 2688 1458 2784 quia

304 2811 446 2882 interim
477 2824 693 2881 excusantur
719 2810 795 2882 hac
818 2811 900 2882 vitia
926 2826 988 2882 aut
1012 2811 1274 2883 consuetudine
1290 2827 1351 2883 aut
1370 2836 1458 2883 auc·

305 2937 446 3008 toritate
478 2952 539 3007 aut
573 2951 747 3008 vetustate
778 2950 840 3007 aut
874 2936 1030 3035 denique
1066 2938 1248 3009 vicinitate
1286 2937 1459 3009 virtutum

305 3063 400 3153 (nam
415 3081 508 3154 saepe
526 3082 545 3128 a
561 3056 683 3152 figuris
701 3082 739 3128 ea
761 3081 926 3154 separare
944 3057 1091 3129 difficile
1105 3061 1168 3151 est)
1186 3085 1194 3130 :
1218 3084 1263 3130 ne
1288 3083 1358 3155 qua
1383 3072 1459 3128 tam
1489 3079 1523 3122 20

304 3288 330 3344 4.
352 3280 549 3350 alterutroque
570 3281 668 3350 inquo
691 3296 697 3334 :
716 3281 750 3335 N.
774 3310 806 3319 -—
820 3287 846 3344 4.
864 3291 895 3331 ut
913 3278 972 3348 lego
988 3298 994 3334 :
1013 3282 1085 3336 Prot.
1099 3283 1173 3334 -6,
1194 3279 1330 3333 dictiones
1346 3280 1456 3334 territt.

303 3371 377 3439 tn'3
398 3368 552 3422 locutiones
573 3367 707 3421 dictiones
722 3389 728 3423 :
748 3371 809 3422 Prot
824 3371 844 3421 P
857 3369 881 3420 'l‘
895 3370 916 3420 t*
928 3368 989 3422 Alm
1010 3368 1101 3433 Guell',
1120 3389 1201 3440 7727,
1219 3368 1335 3438 normali,
1357 3369 1457 3425 Halm:

303 3458 436 3510 dictiones
453 3456 605 3509 locutiones
623 3476 629 3509 :
654 3460 685 3528 C,
702 3459 780 3527 7725,
799 3457 857 3510 edd.
874 3488 909 3499 -
923 3477 949 3527 9.
965 3459 1060 3512 uitium
1081 3461 1172 3531 potius
1190 3478 1198 3514 :
1219 3460 1318 3529 Regius
1338 3461 1408 3531 conj.
1424 3491 1459 3500 -

307 3561 348 3598 ιο.
364 3543 469 3615 aliquid
487 3544 579 3598 :codd
597 3553 623 3597 et
635 3546 694 3599 edd.
703 3565 712 3614 ,-
724 3546 836 3617 aliquod
852 3549 904 3615 2t,
920 3545 1012 3599 Halm.
1028 3577 1063 3586 —
1077 3567 1119 3600 ια.
1135 3549 1217 3600 rebus
1230 3550 1299 3600 bene
1316 3566 1323 3600 :
1340 3549 1402 3600 Prnt
1429 3550 1459 3607 Ρ,

304 3634 383 3702 77²5·
397 3664 432 3674 —
455 3641 495 3698 rt.
520 3632 665 3689 delectus:
692 3638 713 3687 Α
736 3636 799 3688 Prot
814 3636 869 3687 PC
885 3636 912 3687 M
928 3637 957 3707 S,
978 3639 1057 3708 7725,
1079 3654 1158 3709 7727,
1181 3635 1301 3706 Bounell3
1317 3636 1458 3690 dilectus:

303 3724 325 3776 B
340 3723 373 3791 N,
390 3721 481 3775 Halm.
498 3751 534 3764 -
550 3743 592 3777 ao.
612 3742 709 3795 nequa
729 3743 734 3779 :
748 3722 868 3799 plerique
883 3723 975 3793 rodd.‚·
993 3743 1081 3796 neque
1100 3744 1106 3781 :
1124 3745 1207 3797 77273
1226 3744 1354 3797 nequem
1375 3742 1381 3778 :
1398 3726 1459 3779 edd.

301 3821 398 3887 preter·
412 3811 521 3866 Bouuell
531 3823 557 3866 et
580 3811 673 3867 Halm.

337 4011 362 4057 3.
385 4035 418 4044 -
434 4006 536 4068 Horace,
552 4008 596 4057 Art
613 4006 736 4074 poetique,
756 4006 787 4068 V,
804 4009 862 4056 311.
906 4006 939 4058 tt.
958 4008 987 4057 E.
1010 4008 1118 4068 Bennist,
1139 4008 1263 4075 s'emploie
1279 4017 1374 4059 surtout
1396 4024 1461 4075 pom

306 4082 340 4133 Le
351 4083 484 4149 copistedu
498 4083 543 4132 lls.
562 4086 638 4132 tutet
657 4081 695 4146 (N)
716 4082 807 4130 n'areit
821 4092 865 4147 pas
906 4083 941 4132 los
954 4083 1116 4132 mrdlements
1128 4082 1262 4133 militaires.

305 4159 327 4208 le
343 4159 473 4208 sentiment
486 4159 516 4207 de
537 4159 560 4208 la
581 4157 715 4223 mirtrique;
738 4157 755 4207 il
775 4157 835 4208 ecrit
856 4164 862 4198 ἓ
940 4162 981 4209 20.
1000 4162 1041 4208 Ne
1060 4176 1108 4228 qna
1130 4168 1179 4206 tam
1202 4157 1306 4209 lubrica.
1322 4187 1352 4197 -
1368 4159 1406 4209 On
1431 4176 1461 4209 ne

308 4233 431 4305 Verbaque
448 4253 495 4283 uou
507 4233 658 4301 improvisam
673 4250 722 4281 rem
744 4251 792 4282 nou
806 4234 844 4282 ἔην
905 4245 990 4285 trouve
1001 4250 1042 4301 pes
1059 4252 1089 4283 ue
1105 4252 1173 4304 quem
1191 4235 1252 4284 dans
1266 4235 1300 4284 les
1317 4235 1385 4297 list„
1396 4243 1461 4284 cette

304 4321 341 4360 tot
360 4324 498 4381 sequentur.
906 4311 974 4376 leqon
984 4310 1036 4359 doit
1048 4311 1117 4359 venir
1128 4311 1158 4360 de
1172 4328 1258 4381 neque.
1270 4311 1304 4360 Le
1320 4310 1394 4360 verbe
1405 4309 1461 4377 sal-

337 4393 361 4438 l.
381 4418 412 4428 —
424 4389 461 4439 On
473 4399 557 4439 trouve
571 4385 822 4453 &galementdelectus
836 4395 859 4435 et
902 4384 955 4434 lere
973 4401 998 4434 se
1015 4393 1100 4434 trouve
1119 4396 1220 4435 souvent
1241 4385 1352 4453 employi
1364 4386 1462 4437 absolu-

303 4462 407 4512 dilectns
419 4464 480 4514 dans
489 4463 524 4513 les
535 4463 604 4525 Mss.;
614 4479 641 4512 re
650 4462 758 4524 dernier,
767 4461 860 4528 d’apriu
902 4469 977 4510 ment.
988 4459 1025 4511 Cl.
1034 4460 1097 4523 Cin,
1108 4461 1139 4512 de
1149 4460 1205 4512 Nat.
1215 4461 1285 4514 licor.
1301 4462 1345 4528 lll,
1354 4464 1400 4524 293
1414 4462 1459 4524 iil,
