3248 5340
490 498 594 554 tt's't.
620 499 803 557 outtou.
831 501 1094 558 PROOEMIUM.
1340 510 1368 559 ll

217 673 308 720 rrius.
339 649 506 744 Quinque
533 649 702 748 deinceps
722 652 919 723 inventioni
942 652 1041 749 (nam
1073 651 1159 723 huic
1191 668 1226 724 et
1247 653 1369 752 dispo·
1400 662 1438 718 22>

215 770 296 840 sitio
326 768 583 866 subjungitur),
605 786 775 865 quattuor
796 770 1004 862 elocutioni,
1028 772 1066 842 in
1094 773 1195 869 cujus
1223 790 1361 871 partem

217 890 386 960 memoria
405 913 446 960 ac
470 892 723 987 pronunciatio
741 893 903 980 veniunt,
926 891 1120 963 dabuntur.
1150 893 1248 964 Unus
1262 919 1369 965 acce-

215 1007 289 1096 det,
312 1009 442 1106 inquo
466 1010 570 1081 nobis
597 1027 719 1082 orator
743 1012 819 1109 ipse
842 1011 1095 1083 informandus
1122 1028 1185 1100 est,
1217 1011 1279 1083 ubi
1302 1015 1366 1110 qui

164 1156 178 1196 s
216 1153 334 1200 mores
354 1129 443 1224 ejus
462 1156 541 1226 qtiae
556 1132 592 1201 in
609 1130 858 1228 suscipiendis
877 1130 1074 1222 discendis,
1089 1131 1236 1228 agendis
1252 1135 1370 1203 causis

214 1250 319 1339 ratio,
344 1248 443 1346 quod
472 1249 683 1347 eloquentiae
716 1276 844 1346 genus,
866 1252 945 1348 quis
976 1251 1104 1346 agendi
1131 1251 1260 1323 debeat
1290 1277 1365 1323 esse

216 1367 310 1458 finis,
330 1394 408 1465 quaa
424 1386 504 1466 post
515 1369 624 1440 finem
642 1371 772 1460 studia,
788 1385 963 1467 quantum
980 1386 1098 1442 nostra
1116 1370 1246 1442 valebit
1260 1371 1361 1442 infir·

216 1491 331 1577 mitas,
347 1488 570 1560 disseremus.

262 1609 322 1679 His
357 1609 527 1681 omnibus
560 1609 829 1700 admiscebitur,
865 1611 1077 1707 utquisque
1104 1609 1203 1681 locus
1236 1625 1365 1707 postu·
1398 1629 1435 1685 23

159 1755 186 1798 ιο
213 1726 313 1818 labit,
333 1728 489 1801 docendi
508 1731 614 1819 ratio,
634 1756 713 1827 quat
733 1756 806 1801 nou
830 1754 955 1801 eorum
980 1729 1089 1801 modo
1104 1722 1271 1820 scientia,
1292 1731 1368 1828 qui-

214 1846 281 1917 bus
293 1848 376 1919 solis
390 1850 537 1946 quidam
551 1875 685 1921 nomen
698 1851 782 1920 artis
802 1848 995 1939 dederunt,
1016 1849 1193 1921 studiosos
1214 1850 1364 1920 instruat

214 1984 263 2057 et,
283 1984 322 2039 ut
343 1970 392 2039 sic
406 1968 570 2059 dixerim,
585 1971 642 2064 jus
661 1971 777 2066 ipsum
793 1969 989 2041 rhetorices
1011 1970 1277 2066 interpretetur,
1299 1968 1362 2039 sed

213 2086 308 2159 alere
337 2088 556 2178 facundiam,
580 2091 672 2160 vires
698 2114 827 2185 augere
865 2090 1077 2186 eloquentiae
1114 2091 1240 2186 possit.
1275 2095 1364 2159 Nam
1397 2101 1434 2158 tt

214 2207 426 2306 plerumque
448 2207 553 2279 nudae
574 2208 640 2280 illae
663 2225 755 2281 artes
775 2210 891 2280 nimiae
906 2208 1112 2280 subtilitatis
1130 2207 1363 2279 assectatione

171 2353 183 2394 s
215 2326 383 2423 frangunt
403 2344 510 2425 atque
527 2328 724 2400 concidunt
744 2329 916 2427 ‹piicquid
939 2344 992 2400 est
1015 2330 1052 2399 in
1073 2330 1237 2399 oratione
1257 2353 1365 2423 gene·

253 2569 275 2604 1.
290 2549 407 2602 deinde:
424 2550 446 2602 C
463 2551 491 2603 L.
507 2580 542 2589 —
558 2559 582 2615 i.
600 2551 645 2603 uti
661 2570 668 2604 ε
685 2554 719 2614 7.‚
736 2548 829 2625 spitii.
848 2553 917 2622 conj.
932 2570 940 2617 ,·
955 2569 972 2602 u
990 2569 996 2603 :
1013 2553 1039 2602 A
1054 2530 1165 2607 efflas:
1185 2560 1211 2602 et
1228 2568 1234 2601 ι
1253 2550 1366 2618 Pettier,

213 2639 302 2709 Meyer
319 2640 385 2710 conj.
398 2638 637 2693 -8.disseremns
653 2658 659 2691 ε
675 2643 706 2701 Ζ;
727 2640 890 2692 disseramus
908 2639 989 2709 :ct1,
999 2638 1106 2709 Regius.
1120 2669 1156 2679 —
1171 2658 1213 2691 10.
1227 2637 1343 2691 docendi
1359 2656 1365 2689 :

213 2726 288 2779 rodel.
296 2727 356 2795 fere
371 2745 474 2780 orienes:
488 2726 599 2779 dicendi
621 2745 626 2779 :
643 2728 754 2799 Regius.
767 2760 802 2768 -
819 2745 859 2781 11.
876 2728 941 2780 solis
958 2728 1043 2780 nouit.
1064 2730 1084 2780 t*
1098 2728 1121 2777 T
1135 2729 1157 2779 C
1173 2728 1193 2779 L
1207 2728 1224 2780 S
1240 2725 1300 2779 alm
1328 2727 1365 2776 Va

213 2814 377 2881 GothVall..¹
388 2836 467 2885 5727,
478 2818 545 2885 77²3
556 2837 563 2875 ς
574 2818 640 2869 artis
653 2834 771 2869 nomen:
789 2819 850 2870 FC.
864 2848 897 2857 -
910 2824 951 2880 ιῑ.
967 2817 1056 2869 uiutin
1071 2833 1077 2868 :
1090 2818 1119 2881 el,
1131 2814 1225 2883 Halm,
1235 2813 1366 2868 -allcc-

213 2904 287 2956 tiotte
302 2920 308 2956 :
325 2902 399 2956 Gotli
414 2903 501 2956 Guell
512 2906 564 2957 vt.

245 3085 297 3133 4-8.
319 3080 416 3133 uti.....
437 3083 589 3134 disseremus.
606 3112 636 3121 -
650 3083 736 3148 Regius
755 3098 770 3133 a
810 3083 924 3134 tionnant
938 3081 1140 3141 l'llmbrosianus‚
1158 3080 1209 3129 alu
1222 3098 1237 3128 u
1255 3082 1277 3131 la
1288 3082 1319 3129 οιί
1333 3080 1366 3129 les

212 3157 309 3207 modilie
324 3158 346 3209 le
357 3160 460 3225 premier
482 3161 505 3209 la
523 3160 591 3224 leqon
610 3158 705 3208 douuee
726 3173 770 3221 par
810 3168 894 3208 autres
911 3159 967 3207 lllss.
979 3167 1023 3208 out
1035 3168 1069 3217 ut,
1085 3167 1109 3207 et
1125 3157 1142 3206 it
1154 3174 1177 3221 a,
1193 3174 1250 3206 esec
1272 3157 1361 3217 raison,

213 3249 315 3298 presque
322 3235 486 3296 touslesllss.,
494 3257 505 3277 «
514 3244 648 3299 utramque
655 3234 770 3298 coujunc-
811 3234 910 3283 restitue
923 3232 964 3281 ubi
971 3254 980 3291 ,·
992 3233 1088 3283 ensuite
1097 3233 1114 3282 it
1126 3235 1188 3300 n’ya
1200 3248 1242 3298 pas
1252 3233 1283 3281 de
1296 3230 1364 3296 repe·

213 3308 247 3356 tio
256 3308 434 3374 subjunctivum
445 3311 542 3359 modum
553 3309 668 3375 exposcit.
684 3312 764 3369 Quare
809 3309 880 3358 tition
893 3309 997 3358 inutile:
1017 3308 1086 3374 apres
1100 3308 1166 3357 avoir
1185 3306 1284 3372 indique
1299 3323 1357 3373 syu-

211 3381 482 3449 disseramnslegeudun
494 3385 596 3434 ridetur.
614 3407 625 3428 ιι
634 3384 767 3445 Toutelois,
809 3383 984 3449 thetiquement
995 3384 1126 3449 lesujetdu
1141 3386 1183 3433 12⁶
1196 3383 1274 3432 tivi-a:
1290 3386 1361 3430 Uerris

211 3458 326 3525 Spalding
347 3470 371 3510 et
393 3461 502 3509 llussault
517 3460 672 3524 regrettaieut
692 3460 767 3508 dene
808 3458 905 3508 accedet
924 3461 949 3508 iu
969 3477 1045 3529 prio...
1060 3469 1119 3522 ete,
1134 3459 1269 3521 Quintilieu
1284 3457 1358 3509 dese·

212 3544 358 3600 pastrourer
368 3533 471 3583 niridans
481 3536 515 3583 les
523 3534 578 3584 ttss.
592 3550 654 3599 pom
663 3535 767 3600 pouroii·
808 3536 880 3602 loppe
890 3552 915 3585 sa
926 3536 1012 3602 penses
1023 3552 1029 3586 :
1041 3533 1082 3584 ubi
1090 3537 1131 3605 qui
1145 3552 1223 3584 mores
1236 3534 1298 3602 ejus,
1312 3551 1363 3603 qua·

212 3610 343 3659 maiuteuir
359 3609 501 3657 disseremus
525 3611 567 3674 qni
583 3610 635 3658 leur
651 3610 766 3661 semblait
808 3613 832 3658 in
852 3608 1020 3680 suscipiendis,
1037 3610 1170 3674 discendis,
1183 3621 1231 3661 otc.

212 3685 282 3734 alien
292 3685 356 3732 droit
368 3683 696 3749 meilleurquedisseramns.
705 3684 764 3736 ttat·
844 3691 882 3736 to.
904 3684 1020 3736 Doeendi.
1033 3714 1066 3724 -
1079 3687 1170 3753 Malgrir
1190 3687 1213 3735 la
1230 3685 1359 3736 confusion

211 3760 252 3825 gre
266 3759 388 3809 l'autorite
405 3759 508 3808 desllss.
527 3760 557 3809 de
580 3759 680 3809 llunich
697 3762 765 3811 etde
806 3761 933 3826 frequente
946 3762 976 3812 de
987 3760 1076 3824 dicere,
1085 3760 1181 3823 docere,
1191 3760 1288 3821 ducere,
1298 3762 1359 3809 daus

212 3838 376 3889 Carcassonue
390 3853 437 3902 que
454 3852 493 3886 ces
513 3838 575 3886 deux
594 3837 710 3902 critiques
734 3855 765 3887 ne
806 3838 841 3887 les
852 3837 918 3899 Μαι,
930 3837 953 3887 la
963 3837 1099 3887 correction
1114 3837 1145 3885 de
1159 3836 1246 3900 Regius
1256 3833 1359 3900 adoptee

211 3915 388 3963 connaissaient
399 3930 451 3979 pas,
466 3911 613 3962 disseramus
626 3928 665 3962 me
682 3914 765 3978 pessit
805 3929 850 3980 per
861 3930 893 3963 un
903 3913 980 3979 grand
993 3912 1094 3961 nombre
1114 3911 1246 3960 d’editeurs
1266 3926 1297 3959 ne
1318 3925 1357 3958 me

212 3989 430 4054 des'eiretrerejete
440 4003 446 4037 :
456 3990 478 4038 le
488 3989 675 4040 luturconvient
684 3988 764 4040 miens
805 3987 884 4055 parait
894 4006 935 4056 pas
947 3987 1094 4055 acceptable.
1106 3987 1125 4036 ll
1138 3986 1206 4050 s'agit
1220 3985 1251 4035 ici
1261 3986 1294 4034 du
1305 3985 1359 4035 risle

211 4064 377 4116 il'ensemlsle
394 4065 425 4113 de
435 4065 458 4113 la
479 4064 576 4130 pensile.
601 4066 680 4126 Quant
706 4067 720 4116 a
741 4075 764 4114 et
803 4066 835 4115 du
856 4065 992 4132 professeur
1014 4062 1136 4127 (docendi)
1153 4072 1177 4111 et
1196 4062 1289 4111 uoudu
1304 4060 1357 4109 role

212 4141 276 4191 misi
291 4142 314 4189 la
327 4142 393 4207 place
405 4141 435 4188 de
447 4150 472 4187 ut
483 4141 614 4207 parlleyer
624 4152 647 4191 et
658 4141 763 4203 Pottier,
805 4140 834 4189 de
849 4140 951 4190 l'auteur
961 4138 1091 4204 (dicendi).

212 4216 549 4281 eeir'estqu'uneconjecture
560 4216 763 4282 quel'argumen-
840 4219 880 4266 ll.
890 4215 1064 4284 Affectatione.
1079 4212 1157 4263 -On
1177 4228 1207 4260 ne
1218 4221 1303 4261 trouve
1317 4224 1359 4276 pes

212 4292 289 4342 tatiou
307 4292 336 4341 de
348 4291 622 4358 Pottiernejustisiepas
633 4310 638 4340 :
651 4293 667 4342 il
677 4303 763 4342 trouve
803 4291 948 4358 d'exemples
965 4291 1107 4340 concluants
1128 4290 1158 4338 de
1173 4287 1274 4355 affectio
1297 4301 1349 4335 em·

211 4383 258 4433 que
275 4377 300 4414 ut
314 4367 386 4417 serait
395 4384 441 4416 une
457 4367 587 4433 repetition
599 4384 663 4417 assez
673 4368 762 4418 inutile
803 4366 873 4433 ployd
887 4382 949 4432 pour
962 4365 1101 4433 affectatio.
1115 4393 1147 4401 -
1159 4363 1226 4414 losse
1239 4362 1303 4413 Bade
1317 4360 1354 4411 dit

211 4442 760 4511 deinqucllaisdalsonlll.llalm,eueolla·
804 4464 816 4485 ιι
842 4442 929 4492 Il’imise
951 4439 1095 4491 subtilitatis
1115 4439 1300 4508 affectatione:
1324 4439 1359 4487 sic
