3248 5340
300 493 364 534 xntt
704 477 1048 533 lNTRODUC'slON.

302 659 316 689 ιι
343 628 376 692 in
391 630 460 714 ejus
480 627 618 717 scriptiS,
635 627 684 692 vel
698 627 823 716 abipso
838 627 944 703 initio,
965 643 1013 691 tot
1029 627 1162 691 salebrae
1176 642 1208 691 et
1224 627 1453 716 asperitates...

302 769 316 799 ιι
343 756 379 802 ut
400 738 517 803 mirum
535 762 602 802 non
622 738 663 803 sit
678 738 850 827 plerosque
869 740 910 802 ab
936 737 1066 802 illorum
1094 737 1233 803 lectione
1256 737 1453 804 deterreri...

301 878 317 910 ιι
343 851 503 914 Praeterea
516 848 618 914 multa
632 865 712 913 sunt·
720 848 918 914 abstrusiora
934 865 966 913 et
978 847 1158 913 difficiliora
1173 872 1287 936 quee...
1305 849 1457 940 incipien-

301 989 317 1022 «
342 959 433 1025 tibus
446 961 577 1025 brevius
591 983 628 1024 ac
643 958 819 1049 simplicius
841 958 925 1024 tradi
939 959 1040 1046 magis
1062 958 1224 1024 convenit.
1247 963 1324 1025 llaec
1336 983 1407 1047 ego,
1423 979 1456 1025 et

303 1098 319 1132 ιι
343 1071 403 1135 alia
419 1073 488 1157 ejus
509 1071 610 1148 moeli,
625 1094 696 1159 quae
709 1071 752 1135 ob
764 1068 900 1134 nimiam
912 1069 1153 1148 obscuritatem,
1170 1071 1343 1159 plerosque
1356 1072 1458 1136 offen-

301 1210 316 1242 «
344 1181 437 1258 dunt,
450 1180 646 1269 amputanda
659 1181 781 1257 censui,
794 1179 876 1269 ipso,
891 1180 923 1244 ni
938 1180 1045 1258 lallor,
1060 1204 1127 1245 non
1138 1183 1346 1246 veliementer
1358 1182 1459 1247 resea-

302 1321 318 1354 ιι
345 1309 441 1379 gente
455 1292 592 1357 Fabio...
610 1293 682 1357 Non
694 1314 784 1355 eram
803 1291 940 1372 nescius,
955 1314 1031 1356 cum
1050 1290 1081 1355 id
1095 1316 1176 1381 opus
1193 1314 1358 1380 aggressus
1370 1317 1454 1368 sum,
1520 1295 1524 1303 ”

303 1431 318 1465 ιι
346 1403 413 1468 fore
429 1419 464 1467 ut
479 1403 531 1467 liic
554 1418 664 1467 noster
685 1401 778 1466 labor
797 1402 830 1466 in
850 1401 954 1466 varias
972 1402 1242 1490 reprehensiones
1266 1402 1454 1469 incurreret.

303 1541 320 1576 ιι
346 1514 542 1599 Quibusdmn
554 1512 562 1556 ¹
577 1522 673 1586 eninr,
686 1527 718 1576 et
731 1522 770 1576 iis
776 1514 964 1602 plerruuque
973 1523 1112 1578 teterrime
1123 1515 1270 1592 eruditis,
1289 1528 1389 1580 totum
1401 1516 1458 1579 ltoc

305 1654 318 1684 ιι
344 1626 493 1712 displicet
512 1638 659 1688 erectores
679 1624 793 1686 cilenti·
808 1648 921 1712 genus,
938 1649 999 1714 qno
1013 1626 1140 1714 aliquid
1152 1650 1193 1689 en·
1206 1650 1314 1690 eorum
1328 1635 1457 1714 scriptis

303 1762 320 1798 ιι
345 1737 510 1802 νεοίιΙὶτιιν.
527 1735 641 1823 Neque
661 1734 694 1798 hi
713 1757 804 1811 sane,
821 1734 899 1799 dum
912 1733 954 1800 ita
968 1734 1121 1820 sentiunt,
1138 1736 1266 1800 ratione
1282 1761 1413 1826 prorsus
1427 1755 1459 1802 et

302 1874 318 1906 ιι
341 1844 465 1931 judicio
486 1862 609 1910 carent.
633 1845 766 1909 Postulo
784 1861 893 1909 tamen
918 1845 1016 1910 abiis
1035 1846 1129 1910 enixe
1152 1869 1193 1910 ne
1208 1870 1260 1912 me
1276 1847 1458 1912 inauditum

303 1986 317 2016 ιι
346 1957 541 2021 damnent...
559 1982 575 2015 ›>
587 1959 647 2020 Les
659 1955 783 2020 raisons
795 1955 874 2043 qu'il
882 1955 991 2020 donne
1001 1963 1149 2022 sonttres
1160 1956 1292 2046 simples
1301 1980 1313 2023 ⁸:
1331 1958 1460 2022 lemeil·

303 2067 371 2131 leur
386 2089 524 2153 ouvrage
539 2065 579 2130 de
600 2065 788 2154 rlretorique
806 2068 907 2154 qu'on
929 2067 1035 2156 puisse
1051 2084 1165 2132 mettre
1182 2084 1272 2132 entre
1291 2067 1337 2132 les
1356 2069 1459 2133 mains

302 2176 359 2241 des
369 2179 485 2261 jeunes
498 2198 577 2262 gens
592 2192 640 2239 est
657 2175 866 2241 l'lnstitution
882 2177 1038 2254 oratoire;
1055 2178 1135 2243 mais
1151 2177 1211 2241 elle
1232 2196 1281 2243 est
1295 2194 1368 2268 trop
1382 2177 1457 2242 lon-

301 2309 375 2375 gue.
392 2286 419 2351 ll
434 2311 474 2351 en
488 2287 660 2351 retranche
676 2285 763 2351 donc
777 2303 848 2352 tout
872 2311 908 2352 ce
927 2288 983 2376 qui
997 2288 1041 2353 lui
1059 2291 1165 2379 paruit
1179 2288 1208 2353 le
1223 2289 1330 2354 moins
1346 2295 1459 2355 neces-

303 2398 386 2462 saire
408 2397 555 2485 (environ
570 2397 600 2461 le
615 2399 734 2485 quart),
752 2415 783 2463 et
798 2421 916 2463 encore
932 2398 1114 2465 faudra-t-il
1129 2399 1215 2465 deux
1229 2425 1287 2466 ans
1301 2425 1386 2491 pour
1401 2401 1458 2466 l'e-

303 2507 439 2574 tudierei
460 2508 551 2575 lond.
569 2509 601 2573 Si
623 2509 691 2573 l'on
705 2532 746 2572 ne
761 2508 830 2574 doit
847 2532 1018 2575 consecrer
1031 2511 1153 2600 qu'une
1171 2510 1259 2576 seule
1274 2517 1377 2576 annee
1394 2519 1410 2576 ai
1431 2512 1458 2576 la

303 2619 509 2708 rlretorique,
526 2620 549 2685 il
563 2619 676 2685 laudea
692 2644 725 2685 se
739 2620 883 2709 resignet·
896 2644 1014 2685 encore
1028 2629 1046 2686 ai
1065 2622 1106 2687 de
1120 2645 1288 2687 nouveaux
1303 2622 1461 2687 sacrifices

302 2748 335 2796 et
348 2747 464 2797 mettre
478 2731 676 2797 resolument
690 2732 731 2797 de
746 2737 828 2811 coti,
851 2756 891 2797 en
907 2731 953 2798 les
966 2737 1132 2798 reservant
1146 2757 1231 2822 pour
1244 2733 1302 2798 des
1322 2733 1461 2798 lectures

304 2841 469 2931 speciales,
484 2840 530 2906 les
550 2842 636 2907 deux
653 2843 808 2932 premiers
821 2843 915 2907 lieres
936 2866 1075 2933 presque
1090 2867 1131 2908 en
1145 2844 1249 2909 entier
1266 2860 1298 2908 et
1316 2843 1362 2909 les
1380 2844 1461 2908 trois

303 2952 460 3034 dcrniers,
487 2954 542 3041 qui
559 2970 618 3018 ont
632 2978 675 3019 un
696 2961 858 3020 caractere
872 2954 944 3043 plus
960 2954 1114 3019 litteraire
1131 2979 1195 3043 que
1218 2954 1457 3044 pedagogique.

350 3068 393 3130 Le
403 3065 581 3149 Quintilien
598 3066 638 3131 de
658 3066 767 3131 Rollin
782 3082 877 3156 parnt
890 3089 974 3155 pour
986 3065 1015 3130 la
1029 3065 1189 3155 premiere
1205 3065 1267 3130 fois
1281 3090 1321 3130 cn
1342 3067 1458 3154 1715‘2.

340 3296 364 3342 t.
383 3292 466 3343 Rollin
480 3292 530 3343 vise
545 3303 615 3343 entre
629 3303 710 3344 autres
724 3293 747 3343 le
765 3291 861 3343 celebre
902 3292 925 3342 la
932 3291 1014 3341 raison
1022 3291 1052 3340 de
1060 3300 1123 3340 cette
1131 3289 1260 3340 animosite
1272 3305 1279 3340 ε
1293 3312 1305 3333 ιι
1317 3290 1349 3339 li.
1363 3289 1458 3352 (libert,

306 3368 440 3434 prolesseur
448 3367 578 3418 Balthnzar
588 3368 689 3431 Gibert,
699 3369 741 3434 qni
757 3368 794 3419 lut
803 3367 860 3434 cinq

306 3442 352 3492 lois
376 3451 473 3491 recteur
491 3442 522 3490 de
546 3443 701 3493 l'Unirersite
725 3444 757 3493 de
783 3444 859 3506 Paris,

306 3517 404 3566 homme
417 3517 490 3565 d'nne
502 3517 628 3567 tradition
647 3517 788 3583 supirienre
805 3521 820 3569 i
837 3519 861 3568 lu

306 3591 398 3654 sienne,
413 3590 472 3639 mnis
482 3590 543 3639 d'un
553 3593 611 3655 goilt
619 3592 701 3641 moins
709 3594 760 3642 sur.
773 3593 862 3644 Gibert

307 3666 389 3733 publia
399 3681 455 3715 sous
464 3681 492 3715 ee
505 3665 565 3716 titre
580 3683 585 3715 :
601 3664 770 3716 observatiam
783 3685 827 3716 sur
837 3667 862 3717 le

311 3742 395 3791 Trnite‘
408 3739 450 3791 der
466 3738 549 3790 drudes
561 3739 591 3790 de
606 3747 643 3792 M.
659 3742 744 3792 Rollin
762 3744 858 3809 (trac),

308 3827 361 3869 tout
379 3834 411 3868 un
429 3818 526 3868 volume
541 3818 573 3868 de
595 3823 642 3870 tiu
663 3834 733 3885 peges
747 3819 813 3885 plein
831 3818 862 3868 de

903 3388 916 3412 ιι
935 3366 1012 3430 dit-il,
1033 3383 1048 3417 a
1068 3365 1130 3417 ecrit
1153 3365 1270 3415 autrefois
1294 3374 1381 3415 contre
1402 3382 1461 3416 mon

904 3465 915 3488 ιι
935 3442 1028 3493 edition
1041 3442 1071 3493 de
1083 3441 1235 3504 Quintilien,
1250 3451 1275 3491 et
1289 3451 1387 3508 suetont
1400 3458 1462 3492 eon-

904 3540 917 3564 ιι
935 3529 973 3570 tre
986 3520 1009 3569 la
1028 3519 1124 3586 pre'iaee
1141 3535 1192 3586 que
1209 3518 1253 3585 j’ai
1267 3517 1328 3568 mise
1348 3535 1379 3568 en
1399 3519 1460 3579 tete,

904 3615 917 3639 ι
937 3596 997 3645 dont
1014 3596 1037 3645 le
1052 3595 1135 3661 public
1149 3597 1189 3647 u’a
1202 3611 1246 3661 pas
1256 3610 1317 3660 paru
1336 3595 1383 3643 mal
1401 3609 1460 3643 con·

904 3691 917 3715 n
936 3679 998 3721 tent.
1009 3671 1077 3720 lene
1087 3671 1122 3720 lui
1131 3671 1154 3720 ei
1166 3669 1257 3736 oppos&
1269 3684 1316 3732 que
1329 3668 1351 3717 le
1360 3669 1458 3725 silence,

905 3766 917 3788 ιι
936 3755 962 3794 et
983 3744 1001 3794 il
1024 3761 1055 3794 en
1078 3746 1161 3810 pariit
1183 3743 1256 3810 pique
1280 3759 1311 3791 en
1343 3742 1462 3806 plusieurs

904 3840 917 3863 ιι
935 3819 1045 3868 endroits
1066 3820 1097 3867 ile
1117 3835 1155 3867 ses
1177 3816 1361 3868 Observations.
1392 3837 1404 3859 ιι
1429 3844 1463 3853 -

307 3894 423 3960 critiques
445 3895 538 3945 amires
569 3904 595 3945 et
622 3895 737 3960 injustes;
763 3895 781 3943 il
805 3903 862 3944 veut
903 3892 1064 3959 Auiourd'hni
1082 3892 1169 3944 Gibert
1190 3901 1228 3941 est
1246 3891 1302 3939 bien
1322 3890 1413 3947 oublie‚
1436 3900 1460 3940 et

307 3971 448 4021 demontrer
470 3986 519 4034 que
547 3978 585 4018 cet
608 3985 713 4035 ouvrage
749 3991 761 4013 ι
785 3968 862 4035 peelre
904 3968 1178 4032 nonslisonstonjours
1194 3964 1457 4016 leTraitidesetudes

309 4067 321 4090 ιι
341 4055 425 4095 contre
446 4046 468 4092 le
488 4045 537 4093 bon
556 4046 622 4108 gout,
643 4045 666 4092 le
685 4045 816 4106 honrem,
840 4044 863 4093 la
903 4043 962 4093 etie
976 4042 1112 4104 Quintilien
1127 4042 1157 4090 de
1169 4041 1267 4091 Rollin.

310 4143 322 4165 ιι
341 4121 432 4180 raison,
447 4120 504 4168 tend
518 4120 531 4167 i
543 4120 608 4183 giter
620 4119 643 4167 le
656 4122 715 4183 gerit
728 4119 771 4169 des
778 4120 863 4183 icones
937 4122 962 4168 2.
978 4121 1016 4166 M.
1031 4115 1098 4166 rabit
1109 4115 1261 4181 Quintiliani
1278 4117 1461 4165 Institutionum

310 4216 322 4239 ιι
341 4209 400 4261 gens
421 4203 445 4243 et
471 4194 539 4243 iles
555 4194 618 4259 jeter
636 4195 697 4244 dans
711 4195 753 4244 des
766 4210 862 4244 erreurs
903 4193 1066 4242 oratoriarum
1094 4189 1153 4241 libri
1168 4189 1314 4254 duodecim,
1334 4191 1370 4241 ud
1396 4211 1462 4241 usum

310 4291 322 4315 ιι
336 4269 367 4320 de
380 4269 470 4335 grande
483 4269 660 4335 consequence.
678 4291 690 4315 u
711 4297 744 4308 -
762 4270 825 4320 Reus
839 4270 863 4318 ln
902 4267 1041 4319 scholarum
1056 4266 1241 4331 accommodati,
1258 4269 1406 4338 recisisque
1421 4272 1464 4317 mi·

308 4345 411 4412 ripense
433 4345 514 4412 pleine
534 4345 565 4395 de
587 4345 679 4410 dignito
704 4362 755 4411 que
777 4345 812 4395 lui
835 4345 863 4394 tit
904 4363 949 4394 nus
969 4344 1105 4394 necessaria
1127 4345 1183 4394 anisa
1204 4355 1276 4407 sient,
1307 4355 1330 4393 et
1355 4343 1464 4394 breeibiu

309 4421 391 4471 Rollin
402 4422 442 4489 (tt
451 4421 546 4488 jentier
559 4422 642 4486 titt),
653 4422 671 4472 il
684 4438 746 4473 nous
755 4422 863 4489 apprend
904 4422 967 4472 notis
980 4420 1101 4471 illrutruti
1115 4421 1230 4472 nCarolo
1248 4421 1342 4481 Rollin,
1362 4422 1461 4487 antiqno
