<?xml version="1.0" encoding="UTF-8"?>
<!DOCTYPE html PUBLIC "-//W3C//DTD XHTML 1.0 Transitional//EN"
    "http://www.w3.org/TR/xhtml1/DTD/xhtml1-transitional.dtd">
<html xmlns="http://www.w3.org/1999/xhtml" xml:lang="en" lang="en">
 <head>
  <title>
</title>
<meta http-equiv="Content-Type" content="text/html;charset=utf-8" />
  <meta name='ocr-system' content='tesseract 3.04.00' />
  <meta name='ocr-capabilities' content='ocr_page ocr_carea ocr_par ocr_line ocrx_word'/>
</head>
<body>
  <div class='ocr_page' id='page_1' title='image "./deinstitutioneo00fiergoog_0310.png"; bbox 0 0 3248 5340; ppageno 0'>
   <div class='ocr_carea' id='block_1_1' title="bbox 439 511 1305 578">
    <p class='ocr_par' dir='ltr' id='par_1_1' title="bbox 439 511 1305 578">
     <span class='ocr_line' id='line_1_1' title="bbox 439 511 1305 578; baseline 0.002 -11"><span class='ocrx_word' id='word_1_1' title='bbox 439 511 543 567; x_wconf 85' lang='lat' dir='ltr'><strong>lNST.</strong></span> <span class='ocrx_word' id='word_1_2' title='bbox 569 511 755 568; x_wconf 80' lang='lat' dir='ltr'>ORATOR.</span> <span class='ocrx_word' id='word_1_3' title='bbox 780 512 857 566; x_wconf 90' lang='lat' dir='ltr'><strong>LlB.</strong></span> <span class='ocrx_word' id='word_1_4' title='bbox 885 512 911 577; x_wconf 84' lang='lat'><strong>1,</strong></span> <span class='ocrx_word' id='word_1_5' title='bbox 933 518 963 578; x_wconf 83' lang='lat'><strong>7,</strong></span> <span class='ocrx_word' id='word_1_6' title='bbox 991 519 1018 568; x_wconf 86' lang='lat'><strong>8.</strong></span> <span class='ocrx_word' id='word_1_7' title='bbox 1255 518 1305 569; x_wconf 85' lang='grc'><strong>119</strong></span> 
     </span>
    </p>
   </div>
   <div class='ocr_carea' id='block_1_2' title="bbox 112 663 1373 1236">
    <p class='ocr_par' dir='ltr' id='par_1_2' title="bbox 152 663 1305 765">
     <span class='ocr_line' id='line_1_2' title="bbox 152 663 1305 765; baseline 0 -29"><span class='ocrx_word' id='word_1_8' title='bbox 152 692 217 765; x_wconf 90' lang='lat' dir='ltr'><strong>per</strong></span> <span class='ocrx_word' id='word_1_9' title='bbox 240 690 385 763; x_wconf 87' lang='lat' dir='ltr'><strong>quoque</strong></span> <span class='ocrx_word' id='word_1_10' title='bbox 400 664 564 736; x_wconf 82' lang='lat' dir='ltr'><strong>exactor?</strong></span> <span class='ocrx_word' id='word_1_11' title='bbox 579 678 640 734; x_wconf 87' lang='lat' dir='ltr'><strong>aut</strong></span> <span class='ocrx_word' id='word_1_12' title='bbox 656 664 728 735; x_wconf 87' lang='lat' dir='ltr'><strong>vim</strong></span> <span class='ocrx_word' id='word_1_13' title='bbox 743 667 782 735; x_wconf 89' lang='lat' dir='ltr'><strong>C.</strong></span> <span class='ocrx_word' id='word_1_14' title='bbox 797 664 940 734; x_wconf 75' lang='lat' dir='ltr'><strong>Caesaris</strong></span> <span class='ocrx_word' id='word_1_15' title='bbox 960 663 1139 759; x_wconf 80' lang='lat' dir='ltr'><strong>fregerunt</strong></span> <span class='ocrx_word' id='word_1_16' title='bbox 1158 664 1243 735; x_wconf 92' lang='lat' dir='ltr'><strong>editi</strong></span> <span class='ocrx_word' id='word_1_17' title='bbox 1262 663 1305 736; x_wconf 77' lang='lat' dir='ltr'><strong>ale</strong></span> 
     </span>
    </p>

    <p class='ocr_par' dir='ltr' id='par_1_3' title="bbox 151 782 1373 882">
     <span class='ocr_line' id='line_1_3' title="bbox 151 782 1373 882; baseline 0.002 -26"><span class='ocrx_word' id='word_1_18' title='bbox 151 788 317 881; x_wconf 74' lang='lat' dir='ltr'><strong>analogia</strong></span> <span class='ocrx_word' id='word_1_19' title='bbox 345 784 448 857; x_wconf 81' lang='lat' dir='ltr'><strong>libri?</strong></span> <span class='ocrx_word' id='word_1_20' title='bbox 487 799 548 854; x_wconf 90' lang='lat' dir='ltr'><strong>aut</strong></span> <span class='ocrx_word' id='word_1_21' title='bbox 585 783 667 854; x_wconf 91' lang='lat' dir='ltr'><strong>ideo</strong></span> <span class='ocrx_word' id='word_1_22' title='bbox 702 784 818 854; x_wconf 87' lang='lat' dir='ltr'><strong>rninus</strong></span> <span class='ocrx_word' id='word_1_23' title='bbox 846 782 994 854; x_wconf 82' lang='lat' dir='ltr'>Messala</span> <span class='ocrx_word' id='word_1_24' title='bbox 1032 782 1194 873; x_wconf 91' lang='lat' dir='ltr'><strong>nitidus,</strong></span> <span class='ocrx_word' id='word_1_25' title='bbox 1223 785 1304 882; x_wconf 88' lang='lat' dir='ltr'><strong>quia</strong></span> <span class='ocrx_word' id='word_1_26' title='bbox 1334 801 1373 860; x_wconf 76' lang='lat'><strong>35</strong></span> 
     </span>
    </p>

    <p class='ocr_par' dir='ltr' id='par_1_4' title="bbox 152 901 1307 1003">
     <span class='ocr_line' id='line_1_4' title="bbox 152 901 1307 1003; baseline 0 -28"><span class='ocrx_word' id='word_1_27' title='bbox 152 905 328 1003; x_wconf 84' lang='lat' dir='ltr'><strong>quosdam</strong></span> <span class='ocrx_word' id='word_1_28' title='bbox 358 920 452 976; x_wconf 89' lang='lat' dir='ltr'><strong>totos</strong></span> <span class='ocrx_word' id='word_1_29' title='bbox 485 902 626 975; x_wconf 88' lang='lat' dir='ltr'><strong>libellos</strong></span> <span class='ocrx_word' id='word_1_30' title='bbox 649 929 723 976; x_wconf 90' lang='lat' dir='ltr'><strong>non</strong></span> <span class='ocrx_word' id='word_1_31' title='bbox 751 901 881 999; x_wconf 74' lang='lat' dir='ltr'><strong>verbis]</strong></span> <span class='ocrx_word' id='word_1_32' title='bbox 907 901 1017 974; x_wconf 85' lang='lat' dir='ltr'><strong>inodo</strong></span> <span class='ocrx_word' id='word_1_33' title='bbox 1045 902 1212 1000; x_wconf 84' lang='lat' dir='ltr'><strong>singulis,</strong></span> <span class='ocrx_word' id='word_1_34' title='bbox 1244 903 1307 975; x_wconf 90' lang='lat' dir='ltr'><strong>sed</strong></span> 
     </span>
    </p>

    <p class='ocr_par' dir='ltr' id='par_1_5' title="bbox 112 1021 1308 1236">
     <span class='ocr_line' id='line_1_5' title="bbox 153 1021 1308 1122; baseline -0.003 -25"><span class='ocrx_word' id='word_1_35' title='bbox 153 1028 258 1097; x_wconf 86' lang='lat' dir='ltr'><strong>etiarn</strong></span> <span class='ocrx_word' id='word_1_36' title='bbox 283 1026 406 1096; x_wconf 91' lang='lat' dir='ltr'><strong>litteris</strong></span> <span class='ocrx_word' id='word_1_37' title='bbox 424 1023 544 1095; x_wconf 81' lang='lat' dir='ltr'><strong>dedit?</strong></span> <span class='ocrx_word' id='word_1_38' title='bbox 570 1029 647 1095; x_wconf 88' lang='lat' dir='ltr'><strong>Non</strong></span> <span class='ocrx_word' id='word_1_39' title='bbox 672 1023 817 1095; x_wconf 80' lang='lat' dir='ltr'>obstant</span> <span class='ocrx_word' id='word_1_40' title='bbox 847 1022 902 1093; x_wconf 84' lang='lat' dir='ltr'><strong>hae</strong></span> <span class='ocrx_word' id='word_1_41' title='bbox 922 1021 1119 1121; x_wconf 80' lang='lat' dir='ltr'><strong>disciplinae</strong></span> <span class='ocrx_word' id='word_1_42' title='bbox 1147 1048 1213 1122; x_wconf 92' lang='lat' dir='ltr'><strong>per</strong></span> <span class='ocrx_word' id='word_1_43' title='bbox 1231 1024 1308 1095; x_wconf 91' lang='lat' dir='ltr'><strong>illas</strong></span> 
     </span>
     <span class='ocr_line' id='line_1_6' title="bbox 112 1143 911 1236; baseline -0.003 -18"><span class='ocrx_word' id='word_1_44' title='bbox 112 1145 333 1236; x_wconf 62' lang='lat' dir='ltr'><strong>,euntibus</strong></span> <span class='ocrx_word' id='word_1_45' title='bbox 360 1143 422 1215; x_wconf 90' lang='lat' dir='ltr'><strong>sed</strong></span> <span class='ocrx_word' id='word_1_46' title='bbox 452 1145 549 1215; x_wconf 89' lang='lat' dir='ltr'><strong>circa</strong></span> <span class='ocrx_word' id='word_1_47' title='bbox 576 1143 653 1215; x_wconf 90' lang='lat' dir='ltr'><strong>illas</strong></span> <span class='ocrx_word' id='word_1_48' title='bbox 677 1143 911 1216; x_wconf 74' lang='lat' dir='ltr'><strong>haerentibus.</strong></span> 
     </span>
    </p>
   </div>
   <div class='ocr_carea' id='block_1_3' title="bbox 99 1383 1371 2684">
    <p class='ocr_par' dir='ltr' id='par_1_6' title="bbox 154 1383 1310 1842">
     <span class='ocr_line' id='line_1_7' title="bbox 202 1383 1309 1482; baseline -0.003 -25"><span class='ocrx_word' id='word_1_49' title='bbox 202 1391 288 1457; x_wconf 74' lang='lat' dir='ltr'><strong>Car.</strong></span> <span class='ocrx_word' id='word_1_50' title='bbox 315 1387 403 1456; x_wconf 81' lang='lat' dir='ltr'><strong>vttl.</strong></span> <span class='ocrx_word' id='word_1_51' title='bbox 429 1389 597 1482; x_wconf 80' lang='lat' dir='ltr'><strong>Superest</strong></span> <span class='ocrx_word' id='word_1_52' title='bbox 622 1383 729 1455; x_wconf 87' lang='lat' dir='ltr'><strong>lectio</strong></span> <span class='ocrx_word' id='word_1_53' title='bbox 757 1411 766 1455; x_wconf 75' lang='grc' dir='ltr'><strong>ε</strong></span> <span class='ocrx_word' id='word_1_54' title='bbox 792 1385 924 1481; x_wconf 86' lang='lat' dir='ltr'><strong>inqua</strong></span> <span class='ocrx_word' id='word_1_55' title='bbox 948 1407 1040 1480; x_wconf 84' lang='lat' dir='ltr'><strong>puer</strong></span> <span class='ocrx_word' id='word_1_56' title='bbox 1062 1398 1101 1454; x_wconf 93' lang='lat' dir='ltr'><strong>ut</strong></span> <span class='ocrx_word' id='word_1_57' title='bbox 1120 1383 1221 1472; x_wconf 89' lang='lat' dir='ltr'><strong>sciat,</strong></span> <span class='ocrx_word' id='word_1_58' title='bbox 1245 1383 1309 1454; x_wconf 89' lang='lat' dir='ltr'><strong>ubi</strong></span> 
     </span>
     <span class='ocr_line' id='line_1_8' title="bbox 154 1502 1308 1605; baseline -0.004 -27"><span class='ocrx_word' id='word_1_59' title='bbox 154 1505 372 1605; x_wconf 82' lang='lat' dir='ltr'><strong>suspendere</strong></span> <span class='ocrx_word' id='word_1_60' title='bbox 390 1505 554 1602; x_wconf 88' lang='lat' dir='ltr'><strong>spiritum</strong></span> <span class='ocrx_word' id='word_1_61' title='bbox 576 1503 719 1593; x_wconf 84' lang='lat' dir='ltr'><strong>debeat,</strong></span> <span class='ocrx_word' id='word_1_62' title='bbox 737 1528 810 1601; x_wconf 92' lang='lat' dir='ltr'><strong>quo</strong></span> <span class='ocrx_word' id='word_1_63' title='bbox 825 1503 908 1575; x_wconf 91' lang='lat' dir='ltr'><strong>loco</strong></span> <span class='ocrx_word' id='word_1_64' title='bbox 922 1528 1065 1575; x_wconf 88' lang='lat' dir='ltr'><strong>versum</strong></span> <span class='ocrx_word' id='word_1_65' title='bbox 1077 1502 1308 1598; x_wconf 83' lang='lat' dir='ltr'><strong>distinguere,</strong></span> 
     </span>
     <span class='ocr_line' id='line_1_9' title="bbox 156 1621 1310 1723; baseline -0.005 -25"><span class='ocrx_word' id='word_1_66' title='bbox 156 1627 215 1698; x_wconf 85' lang='lat' dir='ltr'><strong>uhi</strong></span> <span class='ocrx_word' id='word_1_67' title='bbox 234 1626 423 1698; x_wconf 87' lang='lat' dir='ltr'><strong>claudatur</strong></span> <span class='ocrx_word' id='word_1_68' title='bbox 439 1648 575 1714; x_wconf 90' lang='lat' dir='ltr'><strong>sensus,</strong></span> <span class='ocrx_word' id='word_1_69' title='bbox 588 1623 684 1695; x_wconf 90' lang='lat' dir='ltr'><strong>unde</strong></span> <span class='ocrx_word' id='word_1_70' title='bbox 702 1625 863 1723; x_wconf 82' lang='lat' dir='ltr'><strong>incipiat,</strong></span> <span class='ocrx_word' id='word_1_71' title='bbox 880 1622 1027 1723; x_wconf 87' lang='lat' dir='ltr'><strong>quaudo</strong></span> <span class='ocrx_word' id='word_1_72' title='bbox 1041 1621 1238 1695; x_wconf 88' lang='lat' dir='ltr'><strong>attollenda</strong></span> <span class='ocrx_word' id='word_1_73' title='bbox 1253 1622 1310 1693; x_wconf 82' lang='lat' dir='ltr'><strong>vel</strong></span> 
     </span>
     <span class='ocr_line' id='line_1_10' title="bbox 154 1742 1308 1842; baseline -0.003 -26"><span class='ocrx_word' id='word_1_74' title='bbox 154 1745 398 1818; x_wconf 86' lang='lat' dir='ltr'><strong>submittenda</strong></span> <span class='ocrx_word' id='word_1_75' title='bbox 412 1747 456 1817; x_wconf 96' lang='lat' dir='ltr'><strong>sit</strong></span> <span class='ocrx_word' id='word_1_76' title='bbox 471 1770 553 1834; x_wconf 84' lang='lat' dir='ltr'><strong>vox,</strong></span> <span class='ocrx_word' id='word_1_77' title='bbox 568 1745 655 1842; x_wconf 86' lang='lat' dir='ltr'><strong>quid</strong></span> <span class='ocrx_word' id='word_1_78' title='bbox 670 1769 815 1841; x_wconf 81' lang='lat' dir='ltr'><strong>quoque</strong></span> <span class='ocrx_word' id='word_1_79' title='bbox 831 1745 936 1830; x_wconf 85' lang='lat' dir='ltr'><strong>flexu,</strong></span> <span class='ocrx_word' id='word_1_80' title='bbox 954 1742 1041 1841; x_wconf 88' lang='lat' dir='ltr'><strong>quid</strong></span> <span class='ocrx_word' id='word_1_81' title='bbox 1059 1744 1200 1833; x_wconf 89' lang='lat' dir='ltr'><strong>leutius,</strong></span> <span class='ocrx_word' id='word_1_82' title='bbox 1214 1742 1308 1813; x_wconf 89' lang='lat' dir='ltr'><strong>cele·</strong></span> 
     </span>
    </p>

    <p class='ocr_par' dir='ltr' id='par_1_7' title="bbox 99 1863 1371 2443">
     <span class='ocr_line' id='line_1_11' title="bbox 99 1863 1371 1955; baseline -0.004 -18"><span class='ocrx_word' id='word_1_83' title='bbox 99 1891 126 1937; x_wconf 85' lang='lat' dir='ltr'><strong>ro</strong></span> <span class='ocrx_word' id='word_1_84' title='bbox 155 1869 242 1955; x_wconf 89' lang='lat' dir='ltr'><strong>rius,</strong></span> <span class='ocrx_word' id='word_1_85' title='bbox 267 1866 495 1954; x_wconf 83' lang='lat' dir='ltr'><strong>concitatius,</strong></span> <span class='ocrx_word' id='word_1_86' title='bbox 525 1863 639 1937; x_wconf 84' lang='lat' dir='ltr'><strong>lenius</strong></span> <span class='ocrx_word' id='word_1_87' title='bbox 669 1863 878 1952; x_wconf 87' lang='lat' dir='ltr'><strong>dicendum,</strong></span> <span class='ocrx_word' id='word_1_88' title='bbox 909 1863 1148 1935; x_wconf 83' lang='lat' dir='ltr'><strong>demonstrari</strong></span> <span class='ocrx_word' id='word_1_89' title='bbox 1177 1863 1244 1933; x_wconf 90' lang='lat' dir='ltr'><strong>nisi</strong></span> <span class='ocrx_word' id='word_1_90' title='bbox 1272 1864 1309 1933; x_wconf 94' lang='lat' dir='ltr'><strong>in</strong></span> <span class='ocrx_word' id='word_1_91' title='bbox 1369 1911 1371 1915; x_wconf 30' lang='grc' dir='ltr'>ι</span> 
     </span>
     <span class='ocr_line' id='line_1_12' title="bbox 155 1981 1311 2085; baseline -0.005 -27"><span class='ocrx_word' id='word_1_92' title='bbox 155 2011 265 2084; x_wconf 89' lang='lat' dir='ltr'><strong>opere</strong></span> <span class='ocrx_word' id='word_1_93' title='bbox 284 1987 361 2085; x_wconf 91' lang='lat' dir='ltr'><strong>ipso</strong></span> <span class='ocrx_word' id='word_1_94' title='bbox 376 2010 449 2057; x_wconf 90' lang='lat' dir='ltr'><strong>nou</strong></span> <span class='ocrx_word' id='word_1_95' title='bbox 461 1981 728 2084; x_wconf 72' lang='lat' dir='ltr'><strong>potesaunum</strong></span> <span class='ocrx_word' id='word_1_96' title='bbox 744 1999 797 2056; x_wconf 91' lang='lat' dir='ltr'><strong>est</strong></span> <span class='ocrx_word' id='word_1_97' title='bbox 809 1985 930 2080; x_wconf 88' lang='lat' dir='ltr'><strong>igitur,</strong></span> <span class='ocrx_word' id='word_1_98' title='bbox 950 1983 1052 2081; x_wconf 87' lang='lat' dir='ltr'><strong>quod</strong></span> <span class='ocrx_word' id='word_1_99' title='bbox 1068 1984 1104 2054; x_wconf 91' lang='lat' dir='ltr'><strong>in</strong></span> <span class='ocrx_word' id='word_1_100' title='bbox 1123 1982 1193 2053; x_wconf 87' lang='lat' dir='ltr'><strong>hac</strong></span> <span class='ocrx_word' id='word_1_101' title='bbox 1209 1995 1311 2080; x_wconf 92' lang='lat' dir='ltr'><strong>parte</strong></span> 
     </span>
     <span class='ocr_line' id='line_1_13' title="bbox 155 2102 1362 2206; baseline -0.001 -27"><span class='ocrx_word' id='word_1_102' title='bbox 155 2108 359 2206; x_wconf 74' lang='lat' dir='ltr'><strong>praecipiam</strong></span> <span class='ocrx_word' id='word_1_103' title='bbox 397 2133 405 2176; x_wconf 91' lang='lat'>:</span> <span class='ocrx_word' id='word_1_104' title='bbox 440 2111 484 2175; x_wconf 93' lang='lat' dir='ltr'><strong>Ut</strong></span> <span class='ocrx_word' id='word_1_105' title='bbox 506 2105 627 2177; x_wconf 89' lang='lat' dir='ltr'><strong>omnia</strong></span> <span class='ocrx_word' id='word_1_106' title='bbox 650 2106 715 2175; x_wconf 90' lang='lat' dir='ltr'><strong>ista</strong></span> <span class='ocrx_word' id='word_1_107' title='bbox 741 2105 857 2176; x_wconf 86' lang='lat' dir='ltr'><strong>facere</strong></span> <span class='ocrx_word' id='word_1_108' title='bbox 884 2105 1008 2203; x_wconf 92' lang='lat' dir='ltr'><strong>possit,</strong></span> <span class='ocrx_word' id='word_1_109' title='bbox 1032 2102 1228 2199; x_wconf 84' lang='lat' dir='ltr'><strong>intellegat.</strong></span> <span class='ocrx_word' id='word_1_110' title='bbox 1259 2103 1311 2172; x_wconf 89' lang='lat' dir='ltr'><strong>Sit</strong></span> <span class='ocrx_word' id='word_1_111' title='bbox 1343 2122 1362 2178; x_wconf 74' lang='lat'><strong>2</strong></span> 
     </span>
     <span class='ocr_line' id='line_1_14' title="bbox 154 2222 1310 2324; baseline -0.005 -27"><span class='ocrx_word' id='word_1_112' title='bbox 154 2243 275 2299; x_wconf 84' lang='lat' dir='ltr'><strong>auteur</strong></span> <span class='ocrx_word' id='word_1_113' title='bbox 301 2227 337 2296; x_wconf 93' lang='lat' dir='ltr'><strong>in</strong></span> <span class='ocrx_word' id='word_1_114' title='bbox 362 2227 486 2324; x_wconf 87' lang='lat' dir='ltr'><strong>primis</strong></span> <span class='ocrx_word' id='word_1_115' title='bbox 508 2224 614 2296; x_wconf 91' lang='lat' dir='ltr'><strong>lectio</strong></span> <span class='ocrx_word' id='word_1_116' title='bbox 642 2223 750 2296; x_wconf 81' lang='lat' dir='ltr'><strong>virilis</strong></span> <span class='ocrx_word' id='word_1_117' title='bbox 780 2239 814 2296; x_wconf 89' lang='lat' dir='ltr'><strong>ct</strong></span> <span class='ocrx_word' id='word_1_118' title='bbox 843 2250 925 2296; x_wconf 88' lang='lat' dir='ltr'><strong>curn</strong></span> <span class='ocrx_word' id='word_1_119' title='bbox 954 2225 1128 2295; x_wconf 81' lang='lat' dir='ltr'><strong>suavitate</strong></span> <span class='ocrx_word' id='word_1_120' title='bbox 1153 2222 1310 2319; x_wconf 84' lang='lat' dir='ltr'><strong>quadarn</strong></span> 
     </span>
     <span class='ocr_line' id='line_1_15' title="bbox 157 2344 1312 2443; baseline -0.003 -27"><span class='ocrx_word' id='word_1_121' title='bbox 157 2348 292 2442; x_wconf 85' lang='lat' dir='ltr'><strong>gravis,</strong></span> <span class='ocrx_word' id='word_1_122' title='bbox 309 2361 345 2416; x_wconf 86' lang='lat' dir='ltr'><strong>et</strong></span> <span class='ocrx_word' id='word_1_123' title='bbox 364 2371 437 2416; x_wconf 92' lang='lat' dir='ltr'><strong>non</strong></span> <span class='ocrx_word' id='word_1_124' title='bbox 461 2344 608 2443; x_wconf 89' lang='lat' dir='ltr'><strong>quidem</strong></span> <span class='ocrx_word' id='word_1_125' title='bbox 628 2369 740 2442; x_wconf 78' lang='lat' dir='ltr'><strong>prosae</strong></span> <span class='ocrx_word' id='word_1_126' title='bbox 759 2344 901 2435; x_wconf 88' lang='lat' dir='ltr'><strong>similis,</strong></span> <span class='ocrx_word' id='word_1_127' title='bbox 923 2346 1008 2442; x_wconf 88' lang='lat' dir='ltr'><strong>quia</strong></span> <span class='ocrx_word' id='word_1_128' title='bbox 1032 2367 1178 2415; x_wconf 87' lang='lat' dir='ltr'><strong>carmen</strong></span> <span class='ocrx_word' id='word_1_129' title='bbox 1200 2357 1252 2414; x_wconf 88' lang='lat' dir='ltr'><strong>est</strong></span> <span class='ocrx_word' id='word_1_130' title='bbox 1276 2357 1312 2412; x_wconf 91' lang='lat' dir='ltr'><strong>et</strong></span> 
     </span>
    </p>

    <p class='ocr_par' dir='ltr' id='par_1_8' title="bbox 100 2462 1312 2684">
     <span class='ocr_line' id='line_1_16' title="bbox 100 2462 1311 2566; baseline -0.002 -31"><span class='ocrx_word' id='word_1_131' title='bbox 100 2493 128 2537; x_wconf 81' lang='lat' dir='ltr'><strong>rs</strong></span> <span class='ocrx_word' id='word_1_132' title='bbox 155 2492 192 2538; x_wconf 87' lang='lat' dir='ltr'><strong>se</strong></span> <span class='ocrx_word' id='word_1_133' title='bbox 210 2481 324 2566; x_wconf 80' lang='lat' dir='ltr'><strong>poetae</strong></span> <span class='ocrx_word' id='word_1_134' title='bbox 351 2489 480 2538; x_wconf 90' lang='lat' dir='ltr'><strong>canere</strong></span> <span class='ocrx_word' id='word_1_135' title='bbox 498 2479 690 2556; x_wconf 86' lang='lat' dir='ltr'><strong>testantur,</strong></span> <span class='ocrx_word' id='word_1_136' title='bbox 711 2480 923 2537; x_wconf 84' lang='lat' dir='ltr'><strong>nontamen</strong></span> <span class='ocrx_word' id='word_1_137' title='bbox 944 2465 978 2536; x_wconf 92' lang='lat' dir='ltr'><strong>in</strong></span> <span class='ocrx_word' id='word_1_138' title='bbox 995 2464 1179 2535; x_wconf 84' lang='lat' dir='ltr'><strong>canticum</strong></span> <span class='ocrx_word' id='word_1_139' title='bbox 1200 2462 1311 2534; x_wconf 91' lang='lat' dir='ltr'><strong>disso-</strong></span> 
     </span>
     <span class='ocr_line' id='line_1_17' title="bbox 157 2581 1312 2684; baseline -0.005 -26"><span class='ocrx_word' id='word_1_140' title='bbox 157 2586 230 2659; x_wconf 88' lang='lat' dir='ltr'><strong>luta</strong></span> <span class='ocrx_word' id='word_1_141' title='bbox 249 2612 315 2659; x_wconf 85' lang='lat' dir='ltr'><strong>nec</strong></span> <span class='ocrx_word' id='word_1_142' title='bbox 330 2587 501 2684; x_wconf 87' lang='lat' dir='ltr'><strong>plasmate</strong></span> <span class='ocrx_word' id='word_1_143' title='bbox 517 2587 571 2684; x_wconf 84' lang='lat' dir='ltr'><strong>(ut</strong></span> <span class='ocrx_word' id='word_1_144' title='bbox 588 2611 685 2658; x_wconf 93' lang='lat' dir='ltr'><strong>nunc</strong></span> <span class='ocrx_word' id='word_1_145' title='bbox 703 2609 722 2656; x_wconf 88' lang='lat' dir='ltr'><strong>a</strong></span> <span class='ocrx_word' id='word_1_146' title='bbox 737 2584 916 2683; x_wconf 90' lang='lat' dir='ltr'><strong>plerisque</strong></span> <span class='ocrx_word' id='word_1_147' title='bbox 934 2584 984 2681; x_wconf 86' lang='lat' dir='ltr'><strong>fit)</strong></span> <span class='ocrx_word' id='word_1_148' title='bbox 1010 2584 1217 2656; x_wconf 78' lang='lat' dir='ltr'><strong>effeminata</strong></span> <span class='ocrx_word' id='word_1_149' title='bbox 1235 2609 1242 2652; x_wconf 92' lang='lat'><strong>:</strong></span> <span class='ocrx_word' id='word_1_150' title='bbox 1266 2581 1312 2653; x_wconf 92' lang='lat' dir='ltr'><strong>de</strong></span> 
     </span>
    </p>
   </div>
   <div class='ocr_carea' id='block_1_4' title="bbox 156 2703 1360 2925">
    <p class='ocr_par' dir='ltr' id='par_1_9' title="bbox 156 2703 1360 2925">
     <span class='ocr_line' id='line_1_18' title="bbox 156 2703 1311 2805; baseline -0.007 -25"><span class='ocrx_word' id='word_1_151' title='bbox 156 2734 229 2805; x_wconf 83' lang='lat' dir='ltr'><strong>quo</strong></span> <span class='ocrx_word' id='word_1_152' title='bbox 250 2733 378 2804; x_wconf 83' lang='lat' dir='ltr'><strong>genere</strong></span> <span class='ocrx_word' id='word_1_153' title='bbox 398 2709 535 2805; x_wconf 86' lang='lat' dir='ltr'><strong>optirne</strong></span> <span class='ocrx_word' id='word_1_154' title='bbox 552 2711 590 2777; x_wconf 90' lang='lat' dir='ltr'><strong>C.</strong></span> <span class='ocrx_word' id='word_1_155' title='bbox 612 2711 783 2777; x_wconf 72' lang='lat' dir='ltr'><strong>Cesaram</strong></span> <span class='ocrx_word' id='word_1_156' title='bbox 802 2720 1047 2802; x_wconf 80' lang='lat' dir='ltr'><strong>praetextatum</strong></span> <span class='ocrx_word' id='word_1_157' title='bbox 1067 2703 1186 2775; x_wconf 90' lang='lat' dir='ltr'><strong>adhuc</strong></span> <span class='ocrx_word' id='word_1_158' title='bbox 1209 2726 1311 2772; x_wconf 91' lang='lat' dir='ltr'><strong>acce·</strong></span> 
     </span>
     <span class='ocr_line' id='line_1_19' title="bbox 157 2825 1360 2925; baseline -0.002 -26"><span class='ocrx_word' id='word_1_159' title='bbox 157 2829 414 2925; x_wconf 84' lang='lat' dir='ltr'><strong>pirnusdixisse</strong></span> <span class='ocrx_word' id='word_1_160' title='bbox 428 2855 435 2896; x_wconf 92' lang='lat'>:</span> <span class='ocrx_word' id='word_1_161' title='bbox 449 2832 490 2896; x_wconf 89' lang='lat' dir='ltr'><strong>Si</strong></span> <span class='ocrx_word' id='word_1_162' title='bbox 506 2841 639 2912; x_wconf 79' lang='lat' dir='ltr'><strong>caritas,</strong></span> <span class='ocrx_word' id='word_1_163' title='bbox 657 2828 748 2895; x_wconf 75' lang='lat' dir='ltr'><strong>orale</strong></span> <span class='ocrx_word' id='word_1_164' title='bbox 763 2841 906 2911; x_wconf 73' lang='lat' dir='ltr'><strong>caritas,</strong></span> <span class='ocrx_word' id='word_1_165' title='bbox 925 2829 959 2892; x_wconf 82' lang='lat' dir='ltr'><strong>si</strong></span> <span class='ocrx_word' id='word_1_166' title='bbox 974 2825 1071 2922; x_wconf 74' lang='lat' dir='ltr'><strong>legis,</strong></span> <span class='ocrx_word' id='word_1_167' title='bbox 1091 2839 1226 2896; x_wconf 83' lang='lat' dir='ltr'><strong>cantus.</strong></span> <span class='ocrx_word' id='word_1_168' title='bbox 1242 2827 1312 2893; x_wconf 88' lang='lat' dir='ltr'><strong>Nec</strong></span> <span class='ocrx_word' id='word_1_169' title='bbox 1340 2839 1360 2896; x_wconf 87' lang='grc'><strong>3</strong></span> 
     </span>
    </p>
   </div>
   <div class='ocr_carea' id='block_1_5' title="bbox 159 3073 1312 3416">
    <p class='ocr_par' dir='ltr' id='par_1_10' title="bbox 159 3073 1312 3416">
     <span class='ocr_line' id='line_1_20' title="bbox 197 3073 1311 3145; baseline -0.004 -16"><span class='ocrx_word' id='word_1_170' title='bbox 197 3098 219 3130; x_wconf 90' lang='lat' dir='ltr'><strong>r.</strong></span> <span class='ocrx_word' id='word_1_171' title='bbox 241 3081 272 3131; x_wconf 90' lang='lat' dir='ltr'><strong>C.</strong></span> <span class='ocrx_word' id='word_1_172' title='bbox 299 3079 413 3130; x_wconf 74' lang='lat' dir='ltr'><strong>Caesaris</strong></span> <span class='ocrx_word' id='word_1_173' title='bbox 438 3095 444 3129; x_wconf 92' lang='lat'>:</span> <span class='ocrx_word' id='word_1_174' title='bbox 468 3078 554 3129; x_wconf 78' lang='lat' dir='ltr'><strong>oruill.</strong></span> <span class='ocrx_word' id='word_1_175' title='bbox 573 3076 608 3145; x_wconf 72' lang='lat' dir='ltr'><strong>C,</strong></span> <span class='ocrx_word' id='word_1_176' title='bbox 629 3076 760 3129; x_wconf 70' lang='lat' dir='ltr'><strong>cesaris:</strong></span> <span class='ocrx_word' id='word_1_177' title='bbox 790 3077 813 3128; x_wconf 76' lang='lat' dir='ltr'>N</span> <span class='ocrx_word' id='word_1_178' title='bbox 834 3078 895 3128; x_wconf 85' lang='lat' dir='ltr'><strong>Prut</strong></span> <span class='ocrx_word' id='word_1_179' title='bbox 916 3077 946 3129; x_wconf 90' lang='lat' dir='ltr'><strong>P.</strong></span> <span class='ocrx_word' id='word_1_180' title='bbox 967 3094 1043 3143; x_wconf 83' lang='lat'><strong>-9.</strong></span> <span class='ocrx_word' id='word_1_181' title='bbox 1069 3073 1136 3145; x_wconf 81' lang='lat' dir='ltr'><strong>quid</strong></span> <span class='ocrx_word' id='word_1_182' title='bbox 1167 3091 1278 3144; x_wconf 75' lang='lat' dir='ltr'><strong>quoque</strong></span> <span class='ocrx_word' id='word_1_183' title='bbox 1304 3094 1311 3130; x_wconf 90' lang='lat'>:</span> 
     </span>
     <span class='ocr_line' id='line_1_21' title="bbox 159 3162 1312 3241; baseline -0.004 -23"><span class='ocrx_word' id='word_1_184' title='bbox 159 3167 246 3235; x_wconf 65' lang='lat' dir='ltr'><strong>oadal,</strong></span> <span class='ocrx_word' id='word_1_185' title='bbox 264 3184 320 3237; x_wconf 83' lang='lat' dir='ltr'><strong>quo</strong></span> <span class='ocrx_word' id='word_1_186' title='bbox 335 3165 458 3237; x_wconf 83' lang='lat' dir='ltr'><strong>quidque</strong></span> <span class='ocrx_word' id='word_1_187' title='bbox 473 3183 479 3218; x_wconf 95' lang='lat'><strong>:</strong></span> <span class='ocrx_word' id='word_1_188' title='bbox 496 3164 604 3241; x_wconf 68' lang='lat' dir='ltr'><strong>Spald,</strong></span> <span class='ocrx_word' id='word_1_189' title='bbox 620 3162 700 3218; x_wconf 85' lang='lat' dir='ltr'><strong>Halm</strong></span> <span class='ocrx_word' id='word_1_190' title='bbox 713 3163 765 3235; x_wconf 74' lang='lat' dir='ltr'><strong>(Cf.</strong></span> <span class='ocrx_word' id='word_1_191' title='bbox 780 3165 803 3234; x_wconf 87' lang='lat' dir='ltr'><strong>i,</strong></span> <span class='ocrx_word' id='word_1_192' title='bbox 813 3167 839 3234; x_wconf 85' lang='lat'><strong>6,</strong></span> <span class='ocrx_word' id='word_1_193' title='bbox 861 3166 915 3233; x_wconf 78' lang='lat'><strong>16).</strong></span> <span class='ocrx_word' id='word_1_194' title='bbox 929 3193 963 3205; x_wconf 91' lang='lat'>-</span> <span class='ocrx_word' id='word_1_195' title='bbox 981 3165 1020 3216; x_wconf 82' lang='lat'><strong>13.</strong></span> <span class='ocrx_word' id='word_1_196' title='bbox 1038 3164 1185 3215; x_wconf 84' lang='lat' dir='ltr'><strong>sanctitate</strong></span> <span class='ocrx_word' id='word_1_197' title='bbox 1205 3179 1211 3215; x_wconf 94' lang='lat'><strong>:</strong></span> <span class='ocrx_word' id='word_1_198' title='bbox 1230 3164 1261 3217; x_wconf 77' lang='grc' dir='ltr'><strong>Α.</strong></span> <span class='ocrx_word' id='word_1_199' title='bbox 1277 3191 1312 3202; x_wconf 97' lang='grc'>-</span> 
     </span>
     <span class='ocr_line' id='line_1_22' title="bbox 163 3247 1312 3328; baseline -0.006 -21"><span class='ocrx_word' id='word_1_200' title='bbox 163 3264 203 3319; x_wconf 61' lang='lat' dir='ltr'><strong>rt.</strong></span> <span class='ocrx_word' id='word_1_201' title='bbox 219 3257 284 3327; x_wconf 81' lang='lat' dir='ltr'><strong>quia</strong></span> <span class='ocrx_word' id='word_1_202' title='bbox 299 3273 407 3308; x_wconf 84' lang='lat' dir='ltr'><strong>carmen</strong></span> <span class='ocrx_word' id='word_1_203' title='bbox 425 3275 431 3310; x_wconf 94' lang='lat'>:</span> <span class='ocrx_word' id='word_1_204' title='bbox 446 3255 533 3321; x_wconf 66' lang='lat' dir='ltr'><strong>codd,</strong></span> <span class='ocrx_word' id='word_1_205' title='bbox 543 3258 671 3328; x_wconf 75' lang='lat' dir='ltr'><strong>praterA</strong></span> <span class='ocrx_word' id='word_1_206' title='bbox 685 3256 712 3321; x_wconf 90' lang='lat' dir='ltr'><strong>b,</strong></span> <span class='ocrx_word' id='word_1_207' title='bbox 729 3257 818 3322; x_wconf 73' lang='lat' dir='ltr'><strong>Tora,</strong></span> <span class='ocrx_word' id='word_1_208' title='bbox 838 3255 917 3323; x_wconf 70' lang='lat' dir='ltr'><strong>Vera,</strong></span> <span class='ocrx_word' id='word_1_209' title='bbox 931 3250 1052 3322; x_wconf 75' lang='lat' dir='ltr'><strong>Mediol,</strong></span> <span class='ocrx_word' id='word_1_210' title='bbox 1069 3254 1164 3317; x_wconf 74' lang='lat' dir='ltr'><strong>Borea,</strong></span> <span class='ocrx_word' id='word_1_211' title='bbox 1177 3247 1270 3314; x_wconf 85' lang='lat' dir='ltr'><strong>Halm,</strong></span> <span class='ocrx_word' id='word_1_212' title='bbox 1286 3249 1312 3301; x_wconf 82' lang='lat' dir='ltr'><strong>in</strong></span> 
     </span>
     <span class='ocr_line' id='line_1_23' title="bbox 160 3343 957 3416; baseline 0.001 -20"><span class='ocrx_word' id='word_1_213' title='bbox 160 3344 254 3416; x_wconf 71' lang='lat' dir='ltr'><strong>prailius</strong></span> <span class='ocrx_word' id='word_1_214' title='bbox 273 3364 279 3399; x_wconf 93' lang='lat'>:</span> <span class='ocrx_word' id='word_1_215' title='bbox 295 3345 360 3415; x_wconf 81' lang='lat' dir='ltr'><strong>quia</strong></span> <span class='ocrx_word' id='word_1_216' title='bbox 373 3355 401 3397; x_wconf 85' lang='lat' dir='ltr'><strong>ct</strong></span> <span class='ocrx_word' id='word_1_217' title='bbox 414 3360 535 3397; x_wconf 84' lang='lat' dir='ltr'><strong>cannen.</strong></span> <span class='ocrx_word' id='word_1_218' title='bbox 552 3374 585 3384; x_wconf 93' lang='lat'>-</span> <span class='ocrx_word' id='word_1_219' title='bbox 601 3346 642 3398; x_wconf 77' lang='lat'><strong>15.</strong></span> <span class='ocrx_word' id='word_1_220' title='bbox 660 3343 836 3396; x_wconf 74' lang='lat' dir='ltr'><strong>incarnationi</strong></span> <span class='ocrx_word' id='word_1_221' title='bbox 852 3358 860 3396; x_wconf 78' lang='lat' dir='ltr'><strong>t</strong></span> <span class='ocrx_word' id='word_1_222' title='bbox 877 3359 957 3411; x_wconf 81' lang='lat'><strong>77²7·</strong></span> 
     </span>
    </p>
   </div>
   <div class='ocr_carea' id='block_1_6' title="bbox 159 3544 1322 4524">
    <p class='ocr_par' dir='ltr' id='par_1_11' title="bbox 159 3544 1322 4370">
     <span class='ocr_line' id='line_1_24' title="bbox 196 3544 1313 3617; baseline -0.005 -19"><span class='ocrx_word' id='word_1_223' title='bbox 196 3554 219 3598; x_wconf 86' lang='lat'><strong>1.</strong></span> <span class='ocrx_word' id='word_1_224' title='bbox 231 3555 265 3598; x_wconf 78' lang='lat' dir='ltr'><strong>De</strong></span> <span class='ocrx_word' id='word_1_225' title='bbox 279 3548 400 3617; x_wconf 70' lang='lat' dir='ltr'><strong>astrologia</strong></span> <span class='ocrx_word' id='word_1_226' title='bbox 415 3546 480 3598; x_wconf 86' lang='lat' dir='ltr'><strong>libri.</strong></span> <span class='ocrx_word' id='word_1_227' title='bbox 495 3575 529 3587; x_wconf 95' lang='lat'><em>-</em></span> <span class='ocrx_word' id='word_1_228' title='bbox 545 3548 589 3599; x_wconf 84' lang='lat' dir='ltr'><strong>Get</strong></span> <span class='ocrx_word' id='word_1_229' title='bbox 608 3563 713 3612; x_wconf 78' lang='lat' dir='ltr'><strong>ouvrage</strong></span> <span class='ocrx_word' id='word_1_230' title='bbox 752 3548 783 3598; x_wconf 84' lang='lat' dir='ltr'><strong>de</strong></span> <span class='ocrx_word' id='word_1_231' title='bbox 797 3545 1108 3608; x_wconf 75' lang='lat' dir='ltr'><strong>fredounemeutsallectes,</strong></span> <span class='ocrx_word' id='word_1_232' title='bbox 1119 3544 1269 3596; x_wconf 75' lang='lat' dir='ltr'><strong>deroulades</strong></span> <span class='ocrx_word' id='word_1_233' title='bbox 1282 3544 1313 3593; x_wconf 88' lang='lat' dir='ltr'><strong>de</strong></span> 
     </span>
     <span class='ocr_line' id='line_1_25' title="bbox 159 3620 1301 3691; baseline -0.003 -18"><span class='ocrx_word' id='word_1_234' title='bbox 159 3635 194 3674; x_wconf 87' lang='lat' dir='ltr'><strong>est</strong></span> <span class='ocrx_word' id='word_1_235' title='bbox 207 3625 297 3691; x_wconf 78' lang='lat' dir='ltr'><strong>perdu3</strong></span> <span class='ocrx_word' id='word_1_236' title='bbox 313 3624 330 3673; x_wconf 95' lang='lat' dir='ltr'><strong>il</strong></span> <span class='ocrx_word' id='word_1_237' title='bbox 345 3624 405 3674; x_wconf 70' lang='lat' dir='ltr'><strong>erait</strong></span> <span class='ocrx_word' id='word_1_238' title='bbox 420 3623 491 3673; x_wconf 66' lang='lat' dir='ltr'><strong>dedii</strong></span> <span class='ocrx_word' id='word_1_239' title='bbox 504 3622 648 3674; x_wconf 70' lang='lat' dir='ltr'><strong>tcickron:</strong></span> <span class='ocrx_word' id='word_1_240' title='bbox 663 3644 673 3666; x_wconf 81' lang='grc' dir='ltr'><strong>ιι</strong></span> <span class='ocrx_word' id='word_1_241' title='bbox 685 3622 713 3672; x_wconf 91' lang='lat' dir='ltr'><strong>ln</strong></span> <span class='ocrx_word' id='word_1_242' title='bbox 753 3623 862 3675; x_wconf 80' lang='lat' dir='ltr'><strong>maurais</strong></span> <span class='ocrx_word' id='word_1_243' title='bbox 874 3625 938 3690; x_wconf 77' lang='lat' dir='ltr'><strong>gout.</strong></span> <span class='ocrx_word' id='word_1_244' title='bbox 956 3623 995 3673; x_wconf 84' lang='lat' dir='ltr'><strong>Cl.</strong></span> <span class='ocrx_word' id='word_1_245' title='bbox 1016 3622 1036 3680; x_wconf 90' lang='lat' dir='ltr'><strong>l,</strong></span> <span class='ocrx_word' id='word_1_246' title='bbox 1054 3625 1093 3684; x_wconf 85' lang='lat' dir='ltr'><strong>ll,</strong></span> <span class='ocrx_word' id='word_1_247' title='bbox 1108 3626 1137 3682; x_wconf 87' lang='grc'><strong>6;</strong></span> <span class='ocrx_word' id='word_1_248' title='bbox 1151 3620 1216 3671; x_wconf 80' lang='lat' dir='ltr'><strong>Ptin.</strong></span> <span class='ocrx_word' id='word_1_249' title='bbox 1236 3620 1301 3672; x_wconf 83' lang='lat' dir='ltr'><strong>Hist.</strong></span> 
     </span>
     <span class='ocr_line' id='line_1_26' title="bbox 162 3697 1170 3766; baseline -0.003 -17"><span class='ocrx_word' id='word_1_250' title='bbox 162 3723 173 3744; x_wconf 89' lang='grc' dir='ltr'><strong>ιι</strong></span> <span class='ocrx_word' id='word_1_251' title='bbox 189 3701 302 3750; x_wconf 78' lang='lat' dir='ltr'><strong>maximis</strong></span> <span class='ocrx_word' id='word_1_252' title='bbox 315 3699 518 3765; x_wconf 80' lang='lat' dir='ltr'><strong>occupationibus</strong></span> <span class='ocrx_word' id='word_1_253' title='bbox 529 3714 584 3749; x_wconf 88' lang='lat' dir='ltr'><strong>cum</strong></span> <span class='ocrx_word' id='word_1_254' title='bbox 595 3698 626 3749; x_wconf 81' lang='lat' dir='ltr'><strong>nd</strong></span> <span class='ocrx_word' id='word_1_255' title='bbox 641 3707 664 3748; x_wconf 85' lang='lat' dir='ltr'><strong>te</strong></span> <span class='ocrx_word' id='word_1_256' title='bbox 677 3698 714 3766; x_wconf 86' lang='lat' dir='ltr'><strong>ip·</strong></span> <span class='ocrx_word' id='word_1_257' title='bbox 753 3709 804 3750; x_wconf 83' lang='lat' dir='ltr'><strong>nat.</strong></span> <span class='ocrx_word' id='word_1_258' title='bbox 819 3699 883 3760; x_wconf 86' lang='lat' dir='ltr'><strong>xvl,</strong></span> <span class='ocrx_word' id='word_1_259' title='bbox 894 3703 941 3759; x_wconf 77' lang='lat'><strong>663</strong></span> <span class='ocrx_word' id='word_1_260' title='bbox 953 3699 1022 3749; x_wconf 78' lang='lat' dir='ltr'><strong>Pers.</strong></span> <span class='ocrx_word' id='word_1_261' title='bbox 1034 3697 1054 3759; x_wconf 85' lang='lat'><strong>1,</strong></span> <span class='ocrx_word' id='word_1_262' title='bbox 1071 3701 1170 3759; x_wconf 82' lang='lat' dir='ltr'><strong>1t,etc.</strong></span> 
     </span>
     <span class='ocr_line' id='line_1_27' title="bbox 161 3760 1310 3841; baseline -0.005 -16"><span class='ocrx_word' id='word_1_263' title='bbox 161 3798 173 3819; x_wconf 85' lang='grc' dir='ltr'><strong>ιι</strong></span> <span class='ocrx_word' id='word_1_264' title='bbox 193 3792 245 3825; x_wconf 88' lang='lat' dir='ltr'><strong>sum</strong></span> <span class='ocrx_word' id='word_1_265' title='bbox 267 3776 356 3841; x_wconf 88' lang='lat' dir='ltr'><strong>(inquit</strong></span> <span class='ocrx_word' id='word_1_266' title='bbox 382 3792 421 3826; x_wconf 87' lang='lat' dir='ltr'><strong>me</strong></span> <span class='ocrx_word' id='word_1_267' title='bbox 442 3775 600 3839; x_wconf 66' lang='lat' dir='ltr'><strong>intuendae</strong></span> <span class='ocrx_word' id='word_1_268' title='bbox 619 3774 715 3824; x_wconf 81' lang='lat' dir='ltr'><strong>ratione</strong></span> <span class='ocrx_word' id='word_1_269' title='bbox 789 3779 828 3827; x_wconf 83' lang='grc'><strong>18.</strong></span> <span class='ocrx_word' id='word_1_270' title='bbox 854 3775 883 3823; x_wconf 85' lang='lat' dir='ltr'><strong>Si</strong></span> <span class='ocrx_word' id='word_1_271' title='bbox 907 3785 1003 3824; x_wconf 83' lang='lat' dir='ltr'><strong>cantas.</strong></span> <span class='ocrx_word' id='word_1_272' title='bbox 1020 3798 1053 3811; x_wconf 92' lang='lat'>-</span> <span class='ocrx_word' id='word_1_273' title='bbox 1080 3772 1233 3822; x_wconf 79' lang='lat' dir='ltr'><strong>Philandrier</strong></span> <span class='ocrx_word' id='word_1_274' title='bbox 1255 3760 1310 3835; x_wconf 72' lang='lat' dir='ltr'><strong>(Ed.</strong></span> 
     </span>
     <span class='ocr_line' id='line_1_28' title="bbox 162 3847 1310 3919; baseline -0.003 -19"><span class='ocrx_word' id='word_1_275' title='bbox 162 3873 173 3895; x_wconf 90' lang='grc' dir='ltr'><strong>ιι</strong></span> <span class='ocrx_word' id='word_1_276' title='bbox 189 3853 264 3901; x_wconf 82' lang='lat' dir='ltr'><strong>latine</strong></span> <span class='ocrx_word' id='word_1_277' title='bbox 274 3852 389 3918; x_wconf 87' lang='lat' dir='ltr'><strong>loquendi</strong></span> <span class='ocrx_word' id='word_1_278' title='bbox 402 3851 582 3902; x_wconf 75' lang='lat' dir='ltr'><strong>accuratissime</strong></span> <span class='ocrx_word' id='word_1_279' title='bbox 590 3850 715 3917; x_wconf 73' lang='lat' dir='ltr'><strong>scripserit</strong></span> <span class='ocrx_word' id='word_1_280' title='bbox 755 3852 842 3919; x_wconf 72' lang='lat' dir='ltr'><strong>Capp.)</strong></span> <span class='ocrx_word' id='word_1_281' title='bbox 857 3850 988 3917; x_wconf 67' lang='lat' dir='ltr'><strong>interprete</strong></span> <span class='ocrx_word' id='word_1_282' title='bbox 999 3848 1061 3899; x_wconf 77' lang='lat' dir='ltr'><strong>ainai</strong></span> <span class='ocrx_word' id='word_1_283' title='bbox 1075 3864 1103 3898; x_wconf 80' lang='lat' dir='ltr'><strong>ce</strong></span> <span class='ocrx_word' id='word_1_284' title='bbox 1119 3862 1236 3914; x_wconf 75' lang='lat' dir='ltr'><strong>passage:</strong></span> <span class='ocrx_word' id='word_1_285' title='bbox 1253 3866 1267 3892; x_wconf 77' lang='lat' dir='ltr'><strong>a</strong></span> <span class='ocrx_word' id='word_1_286' title='bbox 1284 3847 1310 3896; x_wconf 87' lang='lat' dir='ltr'><strong>si</strong></span> 
     </span>
     <span class='ocr_line' id='line_1_29' title="bbox 162 3921 1312 3994; baseline -0.002 -22"><span class='ocrx_word' id='word_1_287' title='bbox 162 3949 172 3972; x_wconf 74' lang='grc' dir='ltr'><strong>ιι,</strong></span> <span class='ocrx_word' id='word_1_288' title='bbox 185 3929 313 3994; x_wconf 85' lang='lat' dir='ltr'><strong>primoque</strong></span> <span class='ocrx_word' id='word_1_289' title='bbox 323 3929 349 3977; x_wconf 87' lang='lat' dir='ltr'><strong>in</strong></span> <span class='ocrx_word' id='word_1_290' title='bbox 360 3928 425 3979; x_wconf 91' lang='lat' dir='ltr'><strong>libro</strong></span> <span class='ocrx_word' id='word_1_291' title='bbox 434 3927 525 3977; x_wconf 81' lang='lat' dir='ltr'><strong>dixerit</strong></span> <span class='ocrx_word' id='word_1_292' title='bbox 532 3926 664 3976; x_wconf 76' lang='lat' dir='ltr'><strong>verborum</strong></span> <span class='ocrx_word' id='word_1_293' title='bbox 672 3925 715 3975; x_wconf 86' lang='lat' dir='ltr'><strong>de·</strong></span> <span class='ocrx_word' id='word_1_294' title='bbox 757 3949 768 3970; x_wconf 89' lang='grc' dir='ltr'><strong>ιι</strong></span> <span class='ocrx_word' id='word_1_295' title='bbox 784 3927 843 3992; x_wconf 78' lang='lat' dir='ltr'><strong>legis</strong></span> <span class='ocrx_word' id='word_1_296' title='bbox 853 3941 948 3993; x_wconf 80' lang='lat' dir='ltr'><strong>poem,</strong></span> <span class='ocrx_word' id='word_1_297' title='bbox 962 3925 995 3974; x_wconf 77' lang='lat' dir='ltr'><strong>ita</strong></span> <span class='ocrx_word' id='word_1_298' title='bbox 1008 3923 1065 3990; x_wconf 78' lang='lat' dir='ltr'><strong>legis</strong></span> <span class='ocrx_word' id='word_1_299' title='bbox 1078 3932 1105 3973; x_wconf 93' lang='lat' dir='ltr'><strong>ut</strong></span> <span class='ocrx_word' id='word_1_300' title='bbox 1116 3922 1220 3972; x_wconf 80' lang='lat' dir='ltr'><strong>videaris</strong></span> <span class='ocrx_word' id='word_1_301' title='bbox 1236 3921 1312 3987; x_wconf 74' lang='lat' dir='ltr'><strong>magis</strong></span> 
     </span>
     <span class='ocr_line' id='line_1_30' title="bbox 161 3997 1312 4068; baseline -0.006 -16"><span class='ocrx_word' id='word_1_302' title='bbox 161 4025 172 4045; x_wconf 90' lang='grc' dir='ltr'><strong>ιι</strong></span> <span class='ocrx_word' id='word_1_303' title='bbox 189 4004 274 4053; x_wconf 84' lang='lat' dir='ltr'><strong>lectam</strong></span> <span class='ocrx_word' id='word_1_304' title='bbox 301 4003 421 4068; x_wconf 74' lang='lat' dir='ltr'><strong>originem</strong></span> <span class='ocrx_word' id='word_1_305' title='bbox 455 4019 507 4053; x_wconf 80' lang='lat' dir='ltr'><strong>esse</strong></span> <span class='ocrx_word' id='word_1_306' title='bbox 534 4002 714 4068; x_wconf 79' lang='lat' dir='ltr'><strong>eloquentie...</strong></span> <span class='ocrx_word' id='word_1_307' title='bbox 757 4024 768 4045; x_wconf 87' lang='grc' dir='ltr'><strong>ιι</strong></span> <span class='ocrx_word' id='word_1_308' title='bbox 787 4003 891 4053; x_wconf 81' lang='lat' dir='ltr'><strong>suhitam</strong></span> <span class='ocrx_word' id='word_1_309' title='bbox 901 4000 1036 4052; x_wconf 77' lang='lat' dir='ltr'><strong>orationem</strong></span> <span class='ocrx_word' id='word_1_310' title='bbox 1053 3997 1224 4065; x_wconf 74' lang='lat' dir='ltr'><strong>pronunciare3</strong></span> <span class='ocrx_word' id='word_1_311' title='bbox 1239 3997 1260 4046; x_wconf 84' lang='lat' dir='ltr'><strong>si</strong></span> <span class='ocrx_word' id='word_1_312' title='bbox 1273 4012 1312 4046; x_wconf 80' lang='lat' dir='ltr'><strong>so·</strong></span> 
     </span>
     <span class='ocr_line' id='line_1_31' title="bbox 162 4071 1312 4145; baseline -0.005 -18"><span class='ocrx_word' id='word_1_313' title='bbox 162 4100 173 4121; x_wconf 86' lang='grc' dir='ltr'><strong>ιι</strong></span> <span class='ocrx_word' id='word_1_314' title='bbox 191 4078 257 4129; x_wconf 83' lang='lat' dir='ltr'><strong>hunc</strong></span> <span class='ocrx_word' id='word_1_315' title='bbox 275 4079 370 4130; x_wconf 77' lang='lat' dir='ltr'><strong>facilem</strong></span> <span class='ocrx_word' id='word_1_316' title='bbox 388 4089 412 4129; x_wconf 87' lang='lat' dir='ltr'><strong>et</strong></span> <span class='ocrx_word' id='word_1_317' title='bbox 428 4078 599 4145; x_wconf 81' lang='lat' dir='ltr'><strong>quotidianum</strong></span> <span class='ocrx_word' id='word_1_318' title='bbox 620 4076 716 4127; x_wconf 75' lang='lat' dir='ltr'><strong>novisse</strong></span> <span class='ocrx_word' id='word_1_319' title='bbox 758 4101 769 4122; x_wconf 91' lang='grc' dir='ltr'><strong>ιι</strong></span> <span class='ocrx_word' id='word_1_320' title='bbox 790 4078 864 4129; x_wconf 73' lang='lat' dir='ltr'><strong>lutam</strong></span> <span class='ocrx_word' id='word_1_321' title='bbox 889 4076 1025 4127; x_wconf 76' lang='lat' dir='ltr'><strong>orationem</strong></span> <span class='ocrx_word' id='word_1_322' title='bbox 1055 4074 1124 4138; x_wconf 79' lang='lat' dir='ltr'><strong>legis,</strong></span> <span class='ocrx_word' id='word_1_323' title='bbox 1153 4089 1212 4123; x_wconf 79' lang='lat' dir='ltr'><strong>soce</strong></span> <span class='ocrx_word' id='word_1_324' title='bbox 1237 4071 1312 4138; x_wconf 74' lang='lat' dir='ltr'><strong>magis</strong></span> 
     </span>
     <span class='ocr_line' id='line_1_32' title="bbox 162 4147 1309 4222; baseline -0.003 -20"><span class='ocrx_word' id='word_1_325' title='bbox 162 4170 332 4215; x_wconf 75' lang='lat' dir='ltr'><strong>«sermonem,</strong></span> <span class='ocrx_word' id='word_1_326' title='bbox 347 4172 412 4206; x_wconf 88' lang='lat' dir='ltr'><strong>nuno</strong></span> <span class='ocrx_word' id='word_1_327' title='bbox 422 4171 467 4222; x_wconf 84' lang='lat' dir='ltr'><strong>pro</strong></span> <span class='ocrx_word' id='word_1_328' title='bbox 476 4155 563 4204; x_wconf 87' lang='lat' dir='ltr'><strong>relicto</strong></span> <span class='ocrx_word' id='word_1_329' title='bbox 574 4163 610 4204; x_wconf 80' lang='lat' dir='ltr'><strong>est</strong></span> <span class='ocrx_word' id='word_1_330' title='bbox 622 4151 716 4202; x_wconf 80' lang='lat' dir='ltr'><strong>haben·</strong></span> <span class='ocrx_word' id='word_1_331' title='bbox 757 4176 769 4198; x_wconf 83' lang='grc' dir='ltr'><strong>ιι</strong></span> <span class='ocrx_word' id='word_1_332' title='bbox 785 4153 890 4221; x_wconf 81' lang='lat' dir='ltr'><strong>poemati</strong></span> <span class='ocrx_word' id='word_1_333' title='bbox 899 4162 955 4220; x_wconf 70' lang='lat' dir='ltr'><strong>apta</strong></span> <span class='ocrx_word' id='word_1_334' title='bbox 964 4151 1049 4202; x_wconf 80' lang='lat' dir='ltr'><strong>uteris.</strong></span> <span class='ocrx_word' id='word_1_335' title='bbox 1063 4171 1075 4194; x_wconf 80' lang='grc' dir='ltr'><strong>ιι</strong></span> <span class='ocrx_word' id='word_1_336' title='bbox 1084 4147 1309 4216; x_wconf 68' lang='grc' dir='ltr'><strong>θυεεαυΙῐρτὲῐὸη,</strong></span> 
     </span>
     <span class='ocr_line' id='line_1_33' title="bbox 162 4223 1322 4295; baseline 0.001 -19"><span class='ocrx_word' id='word_1_337' title='bbox 162 4250 174 4272; x_wconf 89' lang='grc' dir='ltr'><strong>ιι</strong></span> <span class='ocrx_word' id='word_1_338' title='bbox 189 4230 256 4279; x_wconf 84' lang='lat' dir='ltr'><strong>dum.</strong></span> <span class='ocrx_word' id='word_1_339' title='bbox 270 4253 281 4273; x_wconf 82' lang='grc' dir='ltr'><strong>ι</strong></span> <span class='ocrx_word' id='word_1_340' title='bbox 296 4231 360 4290; x_wconf 83' lang='lat' dir='ltr'><strong>(Cic.</strong></span> <span class='ocrx_word' id='word_1_341' title='bbox 374 4237 473 4289; x_wconf 73' lang='lat' dir='ltr'><strong>arulas,</strong></span> <span class='ocrx_word' id='word_1_342' title='bbox 489 4234 540 4295; x_wconf 75' lang='lat' dir='ltr'><strong>ta).</strong></span> <span class='ocrx_word' id='word_1_343' title='bbox 551 4229 593 4280; x_wconf 86' lang='lat' dir='ltr'><strong>Cl.</strong></span> <span class='ocrx_word' id='word_1_344' title='bbox 607 4230 636 4279; x_wconf 76' lang='grc' dir='ltr'><strong>Α.</strong></span> <span class='ocrx_word' id='word_1_345' title='bbox 650 4228 714 4280; x_wconf 87' lang='lat' dir='ltr'><strong>Geli.</strong></span> <span class='ocrx_word' id='word_1_346' title='bbox 755 4245 814 4279; x_wconf 72' lang='lat' dir='ltr'><strong>areo</strong></span> <span class='ocrx_word' id='word_1_347' title='bbox 828 4229 921 4292; x_wconf 80' lang='lat' dir='ltr'><strong>raison,</strong></span> <span class='ocrx_word' id='word_1_348' title='bbox 936 4228 960 4278; x_wconf 77' lang='lat' dir='ltr'><strong>lt</strong></span> <span class='ocrx_word' id='word_1_349' title='bbox 980 4225 1121 4277; x_wconf 83' lang='lat' dir='ltr'><strong>traduction</strong></span> <span class='ocrx_word' id='word_1_350' title='bbox 1139 4224 1159 4275; x_wconf 77' lang='lat' dir='ltr'><strong>ri</strong></span> <span class='ocrx_word' id='word_1_351' title='bbox 1173 4223 1260 4291; x_wconf 83' lang='lat' dir='ltr'><strong>simple</strong></span> <span class='ocrx_word' id='word_1_352' title='bbox 1281 4223 1322 4277; x_wconf 86' lang='lat' dir='ltr'><strong>de.</strong></span> 
     </span>
     <span class='ocr_line' id='line_1_34' title="bbox 160 4298 1309 4370; baseline -0.005 -16"><span class='ocrx_word' id='word_1_353' title='bbox 160 4305 201 4365; x_wconf 83' lang='lat' dir='ltr'><strong>lV,</strong></span> <span class='ocrx_word' id='word_1_354' title='bbox 222 4309 266 4366; x_wconf 76' lang='lat'><strong>¹⁶3</strong></span> <span class='ocrx_word' id='word_1_355' title='bbox 282 4305 323 4354; x_wconf 72' lang='grc' dir='ltr'><strong>ΙΧ.</strong></span> <span class='ocrx_word' id='word_1_356' title='bbox 338 4309 382 4366; x_wconf 81' lang='grc'><strong>15;</strong></span> <span class='ocrx_word' id='word_1_357' title='bbox 397 4306 465 4366; x_wconf 80' lang='lat' dir='ltr'><strong>xlx,</strong></span> <span class='ocrx_word' id='word_1_358' title='bbox 479 4311 503 4357; x_wconf 85' lang='lat'><strong>8.</strong></span> <span class='ocrx_word' id='word_1_359' title='bbox 756 4303 855 4370; x_wconf 74' lang='lat' dir='ltr'><strong>Geaoyn</strong></span> <span class='ocrx_word' id='word_1_360' title='bbox 879 4320 886 4355; x_wconf 72' lang='grc' dir='ltr'>ς</span> <span class='ocrx_word' id='word_1_361' title='bbox 906 4326 919 4348; x_wconf 92' lang='grc' dir='ltr'><strong>ιι</strong></span> <span class='ocrx_word' id='word_1_362' title='bbox 938 4303 964 4353; x_wconf 82' lang='lat' dir='ltr'><strong>Si</strong></span> <span class='ocrx_word' id='word_1_363' title='bbox 986 4318 1042 4352; x_wconf 84' lang='lat' dir='ltr'><strong>rous</strong></span> <span class='ocrx_word' id='word_1_364' title='bbox 1055 4300 1184 4367; x_wconf 71' lang='lat' dir='ltr'><strong>pretendea</strong></span> <span class='ocrx_word' id='word_1_365' title='bbox 1197 4298 1309 4360; x_wconf 78' lang='lat' dir='ltr'><strong>clienter,</strong></span> 
     </span>
    </p>

    <p class='ocr_par' dir='ltr' id='par_1_12' title="bbox 196 4374 1310 4444">
     <span class='ocr_line' id='line_1_35' title="bbox 196 4374 1310 4444; baseline -0.005 -14"><span class='ocrx_word' id='word_1_366' title='bbox 196 4386 219 4430; x_wconf 76' lang='lat'><strong>2.</strong></span> <span class='ocrx_word' id='word_1_367' title='bbox 238 4379 358 4430; x_wconf 82' lang='lat' dir='ltr'><strong>Messala.</strong></span> <span class='ocrx_word' id='word_1_368' title='bbox 371 4410 404 4419; x_wconf 97' lang='lat'>-</span> <span class='ocrx_word' id='word_1_369' title='bbox 414 4381 453 4432; x_wconf 88' lang='lat' dir='ltr'><strong>Cl.</strong></span> <span class='ocrx_word' id='word_1_370' title='bbox 464 4383 483 4444; x_wconf 90' lang='lat' dir='ltr'><strong>l,</strong></span> <span class='ocrx_word' id='word_1_371' title='bbox 500 4386 524 4443; x_wconf 80' lang='lat' dir='ltr'><strong>t,</strong></span> <span class='ocrx_word' id='word_1_372' title='bbox 544 4385 589 4433; x_wconf 78' lang='lat'><strong>23.</strong></span> <span class='ocrx_word' id='word_1_373' title='bbox 756 4378 1095 4439; x_wconf 75' lang='lat' dir='ltr'><strong>rousohautezma13sirous</strong></span> <span class='ocrx_word' id='word_1_374' title='bbox 1108 4375 1237 4444; x_wconf 69' lang='lat' dir='ltr'><strong>pretendez</strong></span> <span class='ocrx_word' id='word_1_375' title='bbox 1251 4374 1310 4437; x_wconf 83' lang='lat' dir='ltr'><strong>lire,</strong></span> 
     </span>
    </p>

    <p class='ocr_par' dir='ltr' id='par_1_13' title="bbox 198 4453 977 4524">
     <span class='ocr_line' id='line_1_36' title="bbox 198 4453 977 4524; baseline -0.009 -18"><span class='ocrx_word' id='word_1_376' title='bbox 198 4461 235 4508; x_wconf 85' lang='grc'><strong>16.</strong></span> <span class='ocrx_word' id='word_1_377' title='bbox 247 4454 605 4524; x_wconf 80' lang='lat' dir='ltr'><strong>Plasmare...esfamiaara.-</strong></span> <span class='ocrx_word' id='word_1_378' title='bbox 617 4456 716 4522; x_wconf 84' lang='lat' dir='ltr'><strong>lls’agit</strong></span> <span class='ocrx_word' id='word_1_379' title='bbox 757 4470 816 4505; x_wconf 83' lang='lat' dir='ltr'><strong>rous</strong></span> <span class='ocrx_word' id='word_1_380' title='bbox 833 4453 947 4508; x_wconf 79' lang='lat' dir='ltr'><strong>chantez.</strong></span> <span class='ocrx_word' id='word_1_381' title='bbox 964 4475 977 4499; x_wconf 67' lang='lat' dir='ltr'><strong>a</strong></span> 
     </span>
    </p>
   </div>
   <div class='ocr_carea' id='block_1_7' title="bbox 0 0 1638 5340">
    <p class='ocr_par' dir='ltr' id='par_1_14' title="bbox 0 0 1638 5340">
     <span class='ocr_line' id='line_1_37' title="bbox 0 0 1638 5340; baseline 0 0"><span class='ocrx_word' id='word_1_382' title='bbox 0 0 1638 5340; x_wconf 95' lang='lat' dir='ltr'><strong> </strong></span> 
     </span>
    </p>
   </div>
  </div>
 </body>
</html>
