3248 5340
509 500 613 556 ln‘s'r.
639 501 823 557 ORATOR.
849 500 928 555 Llll.
954 500 982 570 l,
1006 505 1033 554 5.
1313 507 1346 558 8³

89 697 92 700 <
200 654 226 722 si
258 678 325 750 pro
354 652 422 723 alia
455 668 612 749 ponatur
635 651 715 742 alia,
746 666 786 722 ut
813 651 979 740 verbum,
1015 650 1076 722 ubi
1111 676 1245 722 nornen
1273 676 1349 723 esse
1377 667 1416 725 l8

206 773 384 858 debuerit,
416 772 469 843 rel
504 771 730 863 adverbium,
773 770 835 843 ubi
871 795 1089 870 pronomen,
1125 796 1166 842 ac
1205 772 1345 845 similia.

205 899 294 964 Nam
314 907 396 963 sunt
422 892 586 990 quaedam
610 907 775 987 cognata,
798 907 838 963 ut
870 891 1007 982 dicunt,
1040 890 1077 963 id
1105 906 1157 963 est
1191 891 1349 988 ejusdem
1378 908 1416 964 49

202 1015 354 1108 generis,
378 1015 414 1084 in
435 1011 578 1109 quihus,
599 1014 661 1109 qui
680 1012 746 1085 alia
776 1013 894 1111 specie
913 1036 1021 1109 quam
1044 1027 1189 1109 oportet
1216 1027 1349 1102 utetur,

198 1159 270 1205 non
295 1135 412 1203 minus
435 1158 543 1230 (quam
564 1135 642 1231 ipso
661 1157 790 1227 genere
813 1147 1017 1230 permutato
1038 1131 1240 1230 deliquerit.
1264 1137 1351 1203 Nam
1380 1147 1419 1208 50

199 1269 235 1325 et
258 1280 302 1323 un
320 1268 354 1325 et
378 1269 443 1324 aut
467 1254 743 1350 conjunctiones
762 1267 865 1343 sunt,
897 1252 992 1324 male
1012 1267 1134 1324 lamen
1155 1254 1354 1349 interroges

201 1376 259 1443 lu'e
282 1389 344 1445 aut
364 1375 426 1444 ille
448 1375 520 1444 sit?
538 1388 571 1444 et
592 1399 635 1444 ne
653 1398 695 1444 ac
711 1399 782 1443 non
804 1372 974 1444 adverbia
997 1400 1004 1443 :
1031 1373 1093 1469 qui
1111 1388 1231 1444 tamen
1259 1373 1354 1445 dicat

206 1520 272 1592 pro
298 1493 359 1566 illo
384 1520 427 1563 ne
439 1495 658 1589 secerisnon
677 1493 826 1590 seceris,
850 1494 886 1563 in
920 1493 1016 1565 idem
1050 1492 1186 1564 incidat
1213 1494 1352 1585 vilium,

204 1616 287 1712 quia
317 1614 470 1686 alterum
491 1613 646 1710 negandi
674 1628 738 1702 est,
763 1612 915 1684 alterum
931 1612 1087 1684 velandi.
1106 1618 1183 1684 Hoc
1200 1614 1355 1712 amplius

202 1742 296 1806 intro
310 1750 345 1806 et
365 1737 457 1805 rietus
477 1735 583 1805 unius
600 1733 670 1805 loci
685 1731 854 1805 adverbia
878 1760 885 1802 :
910 1759 948 1804 eo
966 1748 1085 1804 tamen
1107 1737 1199 1804 intus
1217 1748 1252 1804 et
1267 1735 1355 1805 intro

202 1880 279 1926 rum
302 1854 490 1926 soloecismi
509 1869 605 1925 sunt.
628 1852 763 1925 Eadem
788 1854 826 1923 in
849 1852 1055 1924 diversitate
1079 1854 1351 1951 pronominum,
1383 1867 1418 1926 st

206 1976 509 2071 interjectionum,
531 1975 827 2072 praepositionum
850 1972 1028 2045 accident.
1050 1979 1111 2045 Est
1132 1976 1228 2045 enim
1249 1973 1354 2046 soloe-

202 2097 333 2167 cismus
352 2096 389 2166 in
413 2096 575 2166 oratione
595 2093 926 2191 comprehensionis
947 2094 1051 2165 unius
1075 2094 1300 2192 sequentium
1314 2120 1356 2166 ac

199 2216 363 2312 priorum
391 2216 486 2285 inler
506 2239 543 2285 se
566 2215 823 2286 inconveniens
839 2215 982 2312 positio.

157 2373 166 2384 ·
255 2333 431 2422 Qneedam
459 2350 580 2405 tamen
613 2350 648 2406 et
682 2336 810 2406 faciem
837 2334 1027 2406 soloecismi
1052 2333 1184 2407 babent
1214 2350 1250 2406 et
1284 2335 1355 2408 dici
1381 2350 1422 2408 52

214 2455 337 2525 uitiosa
360 2480 434 2526 non
453 2470 615 2553 possunt,
639 2470 675 2526 ut
692 2455 865 2551 tragedia
881 2457 1060 2551 Thyestes,
1085 2471 1120 2529 et
1139 2454 1217 2526 ludi
1231 2456 1353 2527 Floru-

205 2578 255 2647 lia
279 2600 320 2647 ac
344 2578 564 2672 Megalensia
583 2602 590 2645 :
608 2601 815 2673 quanquam
842 2575 918 2647 haec
936 2577 1099 2673 sequenti
1115 2590 1279 2674 tempore
1296 2578 1353 2648 in·

211 2697 443 2786 {erciderunq
461 2721 648 2794 nunquam
667 2695 769 2767 aliter
790 2721 809 2766 a
835 2696 1015 2767 veteribus
1034 2696 1143 2768 dicta.
1169 2698 1355 2768 Schemate

204 2819 311 2913 igitur
330 2815 628 2903 nominabuntur,
654 2816 898 2913 frequentiora
920 2816 1067 2912 quidem
1088 2816 1186 2913 apud
1216 2832 1351 2915 poetas,

237 3068 261 3098 α.
284 3065 316 3100 ae
340 3046 438 3099 similia
464 3063 471 3099 ε
496 3047 520 3098 N
541 3053 569 3097 2⁸
588 3063 638 3116 m,
655 3047 675 3097 Ρ
693 3047 733 3096 Vr
754 3048 803 3115 ,3,
823 3045 848 3096 T
870 3047 890 3098 F
910 3044 1002 3112 Guelf,
1025 3064 1105 3117 7727,
1131 3048 1235 3119 camp„
1260 3045 1352 3117 Halnq

208 3145 234 3186 et
254 3135 353 3187 similia
375 3154 381 3188 :
403 3137 432 3186 Z.
450 3164 486 3174 —
507 3133 612 3188 6.male
630 3143 721 3187 utitem
743 3135 794 3189 :C.
807 3163 843 3175 -
862 3153 902 3187 ro.
919 3134 992 3186 intro
1009 3143 1035 3186 et
1055 3135 1130 3186 inlus
1147 3132 1199 3186 loci
1216 3152 1223 3190 ε
1242 3136 1264 3186 Α
1284 3135 1351 3205 be,

203 3226 275 3276 intro
302 3234 328 3276 et
357 3225 431 3275 intus
462 3224 544 3276 unius
571 3223 623 3275 loci
650 3224 737 3278 :PV
758 3243 787 3293 1,
804 3243 833 3293 2,
850 3224 882 3291 3,
905 3222 979 3275 Gotlr
1005 3222 1033 3274 Μ
1054 3221 1129 3287 Vall,
1160 3240 1242 3292 7720,
1273 3226 1352 3292 7725,

204 3314 276 3366 iutro
293 3322 318 3364 et
337 3311 389 3364 loci
406 3313 444 3367 :B
464 3313 486 3363 N
506 3312 530 3362 'l'
550 3310 654 3364 FBodl
675 3310 761 3365 Baliol
781 3311 853 3379 Alm,
879 3329 958 3380 75²7·
975 3341 1010 3350 -
1033 3311 1205 3366 introrsum:
1223 3312 1253 3382 P,
1273 3328 1350 3380 77²7·

210 3432 245 3444 -
259 3421 300 3454 m.
318 3400 441 3453 accident
459 3417 466 3454 ε
481 3403 503 3454 Α
517 3401 542 3453 Τ
555 3402 576 3452 F
591 3401 613 3453 L
631 3401 668 3472 53
684 3400 811 3454 accidunt
828 3420 834 3455 :
854 3402 875 3453 Β
894 3401 917 3452 N
934 3402 954 3455 P
972 3400 994 3453 C
1012 3401 1051 3467 M,
1068 3402 1147 3469 7725,
1164 3419 1242 3470 7727·
1261 3431 1296 3441 -
1313 3410 1353 3454 est

212 3490 285 3542 enim
309 3506 315 3541 :
342 3491 375 3554 A,
399 3489 506 3559 Regius,
534 3492 691 3562 supperun,
711 3486 803 3557 Hulnq
827 3498 866 3540 est
892 3489 1143 3553 etium:Z.-14.
1161 3490 1353 3543 inconveniens

205 3582 277 3632 inter
294 3598 322 3631 se
339 3597 345 3632 :
360 3582 423 3633 Prot
438 3579 467 3630 Ρ.
482 3609 515 3619 -
531 3580 571 3631 16.
590 3588 615 3630 et
636 3576 693 3630 ludi
711 3596 717 3632 :
733 3579 754 3630 B
767 3579 791 3631 N
807 3579 826 3630 l‘
840 3579 862 3630 C
878 3579 917 3645 lli,
934 3580 1012 3648 7525,
1028 3596 1106 3649 77273
1125 3588 1156 3631 ut
1169 3577 1227 3632 ludi
1241 3598 1248 3634 :
1262 3582 1284 3633 Α
1296 3581 1314 3632 b
1328 3579 1353 3631 Τ

200 3669 254 3737 Fs,
271 3666 365 3721 Halm.
386 3698 419 3708 -
439 3686 479 3735 17·
497 3665 659 3736 Megalensia
676 3683 683 3719 :
700 3668 721 3719 Β
736 3668 757 3718 N
774 3668 794 3719 P
810 3668 836 3718 V
852 3685 875 3737 1,
888 3669 914 3735 3,
929 3668 953 3719 T
967 3668 989 3718 F
1003 3666 1078 3720 Goth
1087 3667 1159 3738 Vall,
1176 3676 1255 3740 7724,
1271 3670 1351 3738 7725,

203 3777 282 3828 5727,
298 3755 379 3810 Halm
391 3777 398 3826 ·,
409 3755 552 3827 Megalesia
569 3758 610 3810 :A
625 3756 657 3811 C.
671 3786 707 3796 -
721 3754 877 3809 inciderunt
895 3773 902 3810 z
922 3756 956 3827 N,
973 3774 1053 3824 7727·

241 3938 758 4006 10.uemmiusloei.-Estienneetspal-
797 3947 962 4014 procedentes.

199 4018 255 4082 ding
274 4025 425 4084 approureut
437 4016 460 4065 lu
478 4016 570 4065 lecture
581 4015 645 4062 intro
657 4026 681 4064 et
692 4016 756 4065 intus
833 4025 873 4073 η,
886 4049 920 4061 -
930 4026 975 4071 Est
985 4022 1048 4071 enim
1066 4031 1127 4083 ctu,
1139 4022 1202 4072 n’est
1218 4022 1271 4073 rien
1283 4032 1352 4074 autre

198 4096 268 4144 tinius
282 4095 331 4145 loci
342 4092 455 4143 adverbia
465 4110 472 4155 ;
482 4093 529 4143 elle
544 4100 581 4143 est
595 4109 626 4142 en
640 4091 697 4144 ellet
709 4095 756 4145 {res
796 4096 871 4148 chose
888 4095 979 4163 qn’une
998 4095 1128 4147 definiuon
1144 4097 1176 4146 dn
1188 4096 1313 4148 solicisme
1327 4108 1351 4148 et

200 4170 319 4236 plausible
336 4170 395 4219 dans
407 4170 428 4219 lc
442 4186 496 4221 rens
506 4167 565 4218 d’un
580 4167 634 4218 seul
644 4178 668 4218 et
681 4169 756 4220 miore
796 4192 829 4224 nn
839 4172 933 4225 ώυωέ
940 4174 971 4223 de
982 4183 1036 4224 tout
1045 4191 1073 4224 ce
1081 4173 1123 4241 qni
1136 4173 1248 4242 precede,
1258 4190 1352 4224 comme

199 4244 257 4294 lieu.
272 4273 304 4283 -
317 4250 387 4293 Intus
398 4263 455 4296 avec
465 4246 536 4296 l’idee
554 4245 585 4294 de
601 4256 754 4296 mouvement
796 4249 819 4299 le
836 4258 894 4300 veut
910 4247 999 4314 Regius
1016 4249 1058 4314 qui
1074 4266 1089 4299 ι
1108 4251 1131 4300 le
1148 4250 1235 4303 merite
1258 4250 1352 4301 (l'avoir

200 4337 225 4370 se
237 4329 321 4370 trouve
329 4321 480 4386 quelquelois
488 4322 548 4371 dans
558 4321 652 4371 Plaute.
794 4323 882 4374 devini
899 4325 923 4374 la
942 4326 1013 4390 leqon
1036 4325 1067 4374 de
1086 4325 1300 4390 l'Ambrositnus,
1316 4336 1352 4376 est

236 4400 275 4446 12.
285 4423 318 4433 -
326 4395 446 4445 Accident
455 4413 484 4446 vu
492 4396 626 4461 mieuxque
639 4395 754 4445 accidunt
794 4401 877 4463 etiam,
888 4401 931 4466 qui
942 4410 979 4451 est
993 4401 1090 4452 tereste
1103 4400 1219 4469 vulgaire,
1228 4403 1310 4453 donne
1318 4419 1351 4453 un

200 4487 260 4523 trec
271 4471 344 4522 l'idie
352 4472 384 4522 du
395 4471 512 4537 lutnrqui
521 4471 624 4522 estdnns
635 4471 670 4522 les
678 4471 753 4538 lignes
795 4474 851 4526 faux
869 4492 933 4527 sens.
