3248 5340
303 477 337 526 n
567 440 572 449 ’
626 470 664 524 u.
688 470 802 526 anau
828 469 1109 542 nummulari

304 619 393 692 nulli
412 635 541 718 putant
570 619 664 692 idem
693 621 817 692 vitium
834 621 962 712 inesse,
993 647 1075 693 cum
1101 622 1199 694 aliud
1226 649 1328 712 voce,
1356 625 1460 697 aliud

237 755 273 809 :n
306 756 393 812 nutu
414 741 467 812 vel
489 766 596 812 mann
619 740 897 813 demonstratur.
915 742 1006 814 Huic
1023 744 1189 840 opinioni
1213 768 1330 842 neque
1345 749 1466 819 omni·

308 887 355 933 no
373 859 507 933 accedo
527 885 645 958 neque
666 860 773 958 plane
795 860 978 934 dissentio.
997 867 1085 934 Nam
1107 862 1144 935 id
1164 864 1276 936 fateor
1295 865 1465 938 accidere

306 1006 394 1052 voce
411 1006 495 1071 uua,
518 1004 592 1051 nou
614 995 735 1052 tamen
750 981 852 1053 aliter
865 1007 976 1079 quam
994 983 1023 1054 si
1037 984 1081 1054 sit
1098 981 1248 1080 aliquid,
1272 985 1371 1082 quod
1389 987 1463 1057 vim

306 1101 452 1173 alterius
474 1101 572 1171 vocis
594 1100 769 1189 obtineat,
805 1100 851 1171 ad
881 1102 981 1199 qnod
1002 1128 1071 1173 vox
1095 1103 1154 1174 illa
1177 1105 1352 1176 referatur
1381 1133 1389 1176 ε
1424 1124 1464 1179 ιιι
1496 1123 1510 1163 ³³

306 1222 525 1293 soloecismus
548 1246 589 1293 ex
610 1220 801 1319 complexu
824 1221 886 1293 fiat
911 1247 1051 1312 eorum,
1084 1222 1216 1320 quibus
1242 1249 1300 1296 res
1325 1226 1464 1320 signifi-

239 1353 279 1407 :nt
308 1357 436 1414 cantur
462 1357 497 1414 et
518 1339 683 1413 voluntas
698 1341 912 1414 ostenditur.
936 1347 1052 1440 Atque
1073 1358 1112 1415 ut
1126 1369 1273 1416 omnem
1292 1344 1463 1442 effugiam

307 1461 584 1551 cavillationem,
602 1463 647 1532 sit
666 1460 862 1560 aliquando
889 1464 926 1534 in
949 1488 1022 1534 uuo
1048 1463 1175 1553 verbo,
1213 1489 1400 1562 nunquam
1426 1467 1463 1538 in

308 1582 384 1655 solo
408 1582 531 1654 verbo.
563 1586 628 1654 Per
647 1595 736 1679 quot
754 1597 874 1654 antem
895 1597 930 1655 et
949 1608 1015 1680 per
1038 1609 1126 1682 quas
1149 1583 1291 1657 accidat
1310 1587 1464 1682 species,

309 1729 382 1775 non
398 1704 479 1775 satis
491 1703 672 1774 convenit.
695 1704 765 1789 Qui
783 1701 1000 1800 plenissime,
1016 1703 1313 1801 quadripertitam
1339 1705 1466 1778 volunt
1498 1728 1527 1769 ¹n

313 1847 387 1896 esse
409 1825 586 1895 rationem
609 1848 675 1894 nec
707 1822 813 1894 aliam
839 1848 948 1920 quam
965 1821 1192 1913 barbarismi,
1217 1839 1256 1896 ut
1278 1822 1340 1896 fiat
1358 1824 1460 1922 adje-

309 1947 443 2034 ctione,
464 1959 503 2015 ut
521 1970 600 2015 narn
620 1945 721 2034 eninr,
743 1943 786 2012 de
801 1968 930 2032 sustene,
952 1946 986 2014 in
1005 1943 1262 2016 Alexandriam
1284 1972 1294 2015 .·
1324 1944 1467 2018 detrac-

243 2071 281 2126 39
310 2067 420 2150 tione,
442 2064 580 2135 rrnzbnlo
596 2066 705 2151 vrnm,
723 2070 880 2164 AEgrpto
894 2069 1008 2150 verrin,
1027 2090 1071 2134 ne
1085 2064 1242 2158 leoqseer't
1258 2092 1268 2135 .·
1285 2081 1466 2137 transmu-

346 2268 372 2320 3.
397 2265 483 2318 lateor
501 2264 624 2318 accidere
641 2267 683 2316 :A
706 2266 727 2315 tt
752 2265 774 2315 N
791 2265 845 2316 PT
863 2265 918 2317 FC
936 2263 997 2317 Abu
1017 2264 1064 2317 Bal
1084 2263 1152 2316 ttodt
1168 2262 1262 2336 (lueis,
1283 2283 1362 2335 7722,
1384 2275 1464 2334 77²¹i=

315 2373 398 2424 57273
409 2352 582 2424 sateorposse
594 2352 718 2404 accidere
732 2369 740 2406 ε
753 2351 831 2405 codd.
846 2354 909 2405 dett.
924 2355 993 2406 -tt
1005 2352 1173 2423 significatur
1186 2372 1192 2407 :
1203 2355 1241 2424 ttg
1256 2361 1282 2405 1¹
1306 2373 1352 2420 nn,
1370 2354 1466 2422 Guell,

313 2448 403 2514 Cnmp.
429 2473 462 2482 —
478 2463 501 2511 ς.
517 2442 592 2512 atqui
614 2439 719 2494 :ctut
734 2439 817 2492 Calah
842 2442 956 2497 a.-8.
972 2442 1027 2496 sit:
1043 2445 1064 2494 Α
1081 2442 1137 2494 ΒΡ
1161 2441 1330 2511 tronus,
1360 2443 1408 2498 si:
1428 2443 1466 2505 N;

312 2532 341 2585 lit
359 2552 366 2589 :
391 2539 450 2584 rett.
466 2530 541 2583 codd.
555 2560 592 2571 -
608 2548 634 2599 9.
647 2539 673 2583 et
691 2547 740 2601 per
749 2548 816 2601 quas
833 2533 884 2599 εΑ,
899 2528 991 2602 Halm,
1007 2541 1034 2583 et
1052 2548 1139 2602 quas:
1155 2534 1186 2585 Z.
1203 2560 1237 2573 -
1256 2550 1298 2585 aa.
1314 2549 1378 2585 uam
1392 2534 1467 2585 euim

313 2621 440 2674 desusum
458 2636 465 2674 t
483 2623 505 2673 A
521 2620 609 2673 BNP
624 2618 764 2690 Tann3
778 2637 833 2671 uon
849 2621 908 2672 veui
919 2618 1049 2673 desusum
1064 2638 1071 2674 ε
1083 2620 1107 2671 Τ
1120 2628 1147 2671 aa
1161 2640 1197 2677 ru.
1213 2622 1241 2674 tt
1252 2621 1269 2673 S
1281 2623 1334 2674 Esc
1347 2641 1379 2692 ²3
1404 2640 1467 2675 taam

313 2711 360 2764 utri
372 2710 501 2763 desusum
522 2725 529 2761 ε
550 2727 627 2779 57273
644 2708 705 2761 veui
718 2707 753 2760 de
766 2709 851 2762 Susis:
871 2710 891 2760 Z
910 2716 936 2761 et
947 2707 1023 2775 edil,
1041 2710 1225 2777 navigavimus
1244 2707 1353 2763 Pelusio
1372 2728 1379 2764 ε
1396 2714 1467 2782 coaerj.

312 2797 429 2853 Bonnell.
444 2827 480 2840 -
496 2801 536 2853 13.
553 2799 594 2850 via
613 2817 619 2852 :
638 2798 707 2869 conj.
724 2801 835 2871 Zumpt,
850 2826 886 2839 -
901 2814 934 2850 ue
950 2797 1020 2852 hoe:
1035 2802 1056 2850 Α
1071 2799 1091 2849 Β
1104 2798 1128 2850 N
1142 2798 1164 2851 C
1178 2799 1215 2868 tt,
1235 2801 1314 2870 77253
1328 2817 1379 2852 nec
1396 2798 1467 2851 bor:

313 2891 361 2941 bS
379 2888 444 2942 ttoitt
464 2888 509 2941 Bal
531 2890 582 2940 Est:
603 2906 626 2951 1,
647 2908 671 2953 a,
691 2905 768 2956 57273
786 2905 834 2939 uee
853 2885 905 2939 boc
923 2885 983 2956 (sed
995 2904 1010 2938 c
1022 2885 1122 2957 rrn.v.):
1141 2888 1170 2944 P.

348 3087 425 3134 3.-
446 3081 540 3132 Pottier
562 3079 675 3130 voudrait
694 3079 780 3143 garder
796 3095 867 3147 posse
912 3074 1101 3127 Alexandriam.
1125 3077 1145 3127 tt
1166 3095 1181 3144 y
1201 3096 1214 3128 a
1235 3078 1258 3129 li
1272 3079 1332 3129 trois
1345 3079 1468 3145 exemplos

313 3170 386 3211 avant
411 3156 533 3221 accidere,
559 3155 650 3221 malgre
678 3153 800 3204 l'autorite
825 3154 868 3203 des
909 3153 939 3202 de
951 3152 1077 3204 solecisme
1093 3170 1136 3222 par
1149 3153 1302 3220 adJ'onetion,
1312 3170 1408 3205 comme
1421 3155 1439 3204 tt
1454 3172 1468 3222 y

313 3235 382 3298 Mas,
395 3252 456 3304 pour
467 3232 654 3284 eurestreindre
669 3231 697 3284 la
706 3230 868 3296 signification
911 3244 942 3276 en
954 3242 968 3276 a
981 3228 1107 3298 trois'plus
1121 3228 1164 3278 bas
1175 3244 1220 3295 par
1233 3227 1430 3278 retrauchement
1445 3237 1471 3278 et

313 3322 337 3361 et
349 3312 461 3377 indiquer
474 3325 522 3375 que
531 3318 594 3359 cette
603 3307 688 3374 espece
700 3307 729 3356 de
744 3305 869 3356 euticianae
912 3303 973 3354 trois
991 3320 1035 3371 par
1049 3304 1181 3355 inversion.
1206 3302 1313 3354 Sauchez
1334 3304 1468 3367 (alinerra,

313 3396 348 3436 est
360 3388 409 3438 tres
423 3401 487 3435 rare.
912 3377 956 3430 lib.
971 3384 1010 3437 ΙΙ.
1028 3398 1083 3449 cap.
1099 3384 1128 3445 v)
1150 3381 1248 3447 prn'tend
1268 3381 1327 3446 qu'il
1342 3382 1384 3446 n'y
1398 3397 1413 3430 a
1427 3397 1469 3446 pas

348 3466 372 3511 t.
391 3460 518 3528 -Atqui
544 3457 625 3507 devait
643 3472 667 3505 se
693 3465 790 3506 trouver
809 3456 868 3505 daus
912 3457 1076 3508 unviritable
1096 3457 1223 3509 sottctsme
1237 3459 1296 3509 dans
1317 3460 1341 3507 in
1354 3457 1468 3508 Alexan·

315 3539 338 3586 le
357 3535 403 3585 Ma.
419 3533 449 3583 de
462 3532 551 3597 Regius
570 3531 612 3596 qui
632 3547 646 3580 a
669 3530 756 3580 devino
775 3532 797 3580 le
817 3532 868 3582 vrai
912 3531 1002 3595 driam,
1024 3542 1048 3582 et
1069 3535 1176 3584 dounei
1198 3532 1288 3600 l’appui
1308 3533 1339 3582 de
1360 3550 1386 3583 aa
1400 3533 1468 3584 these

314 3617 381 3658 teate
396 3625 402 3657 :
419 3617 501 3675 atquc.
912 3608 1017 3659 eertaim
1025 3610 1148 3677 exemplea
1161 3610 1192 3660 de
1204 3610 1297 3668 Plauto,
1309 3609 1340 3658 de
1350 3607 1467 3671 ciceron,

352 3688 392 3735 to.
409 3712 437 3723 ·-
452 3681 491 3732 Οἱ.
504 3680 630 3730 Charisius
640 3683 710 3745 (tot,
723 3683 783 3746 20:
801 3703 811 3728 n
824 3682 869 3732 So·
911 3684 941 3733 de
952 3682 1034 3746 ebear,
1049 3694 1098 3736 etc.

315 3758 435 3809 leniamus
448 3773 544 3822 quoque
555 3756 583 3807 fit
597 3756 675 3806 nodia
691 3766 806 3822 quatuor,
824 3759 867 3808 ad·
948 3762 987 3810 1³.
1007 3762 1045 3808 Ne
1058 3759 1102 3810 loc
1118 3762 1190 3830 fecit,
1206 3788 1237 3800 -
1254 3759 1354 3827 b'apres
1366 3760 1389 3809 la
1407 3769 1466 3810 note
1492 3757 1498 3761 ’

312 3832 869 3900 jectioneneuunione,immutationeanns-
912 3832 942 3883 de
956 3834 1044 3900 Regius
1062 3838 1116 3901 (nec
1132 3834 1177 3885 loc
1195 3835 1263 3899 fecit,
1284 3836 1366 3885 nullm
1380 3835 1406 3884 in
1422 3834 1467 3885 har

315 3911 458 3961 nutatione.
476 3929 486 3954 n
911 3909 1022 3959 oratione
1041 3910 1198 3961 videturesse
1216 3911 1374 3973 mlmcismm,
1393 3925 1469 3976 quare

353 3989 391 4036 lt.
401 4015 428 4024 -
439 3986 524 4034 Snsrnn
532 4001 695 4052 poursurrum
704 4001 729 4034 se
737 3994 868 4034 reucontre
911 3983 993 4034 littera
1005 4004 1017 4032 c
1026 3987 1149 4048 eradatur,
1164 3995 1191 4036 ut
1200 4004 1230 4035 ne
1241 3985 1285 4036 lenc
1294 3984 1356 4052 fecit
1364 3985 1457 4051 tegatur

316 4062 376 4112 daus
388 4063 475 4123 (laton,
487 4063 582 4121 Plaute,
594 4062 698 4118 Varrou,
714 4071 760 4111 ete.
775 4060 868 4112 Trime-
912 4077 943 4110 ne
967 4060 1054 4111 Fabius
1074 4063 1136 4111 male
1155 4062 1296 4130 praecepisse
1311 4070 1468 4126 coarguatur,

317 4139 391 4188 bladb
406 4139 429 4187 le
447 4138 554 4204 premier
567 4141 664 4200 (erest.
686 4137 779 4200 Quint,
794 4154 821 4205 p.
843 4142 866 4200 a)
912 4136 947 4185 sie
967 4137 1032 4185 euim
1060 4138 1211 4189 detractione
1236 4139 1284 4188 erit
1309 4136 1468 4197 solecismus,

316 4215 400 4265 abien
413 4213 518 4279 compris
535 4212 557 4261 te
576 4212 628 4261 vrai
645 4227 699 4260 sens
713 4211 755 4260 dea
773 4210 829 4263 llas.
843 4221 867 4261 et
912 4230 968 4264 nam
987 4213 1082 4284 quidem
1106 4216 1224 4282 particula
1247 4226 1283 4266 eat
1306 4215 1467 4283 praetermissa

317 4290 349 4339 tt.
360 4289 440 4350 llalm,
452 4286 869 4355 rejetantlaconjeeturetantaisiste
911 4291 980 4355 ete),
993 4309 1022 4339 ne
1042 4309 1072 4342 ue
1084 4308 1109 4341 se
1124 4301 1209 4343 trouve
1224 4309 1266 4354 pas
1285 4293 1345 4342 dans
1358 4306 1401 4340 son
1420 4290 1465 4340 lds.

317 4366 347 4415 de
360 4365 474 4426 Bonnell,
486 4374 510 4414 et
522 4365 545 4414 la
565 4365 634 4430 leqon
647 4363 755 4427 vulgaire
773 4364 826 4411 aeni
838 4362 868 4411 de
912 4365 976 4431 (cod.
997 4366 1103 4432 ΗΜΛ).
1123 4367 1212 4434 llalgrt'e
1228 4366 1351 4418 l'autoritt'e
1360 4368 1401 4416 dn
1410 4366 1468 4416 edd.

317 4441 391 4498 Senis,
411 4457 424 4490 a
442 4440 530 4491 mauu
542 4457 598 4488 narn
613 4441 684 4498 renim,
698 4436 728 4487 de
738 4457 829 4501 snsurn,
841 4440 865 4487 in
912 4443 1001 4506 Andr„
1015 4445 1080 4503 ald„
1103 4443 1171 4494 Sieh.
1190 4454 1214 4495 et
1228 4444 1289 4494 celle
1303 4445 1333 4493 de
1352 4443 1470 4509 quelques
