3248 5340
324 493 417 536 cxnvr
798 474 997 530 APPENDIX.

323 644 427 703 orator,
446 630 621 685 disseramus.
638 628 773 680 Numeros
788 627 889 680 musica
902 625 1027 694 duplices
1046 624 1140 692 habet,
1159 626 1188 679 iu
1204 625 1316 679 vocibus
1331 636 1358 679 et
1372 627 1400 679 in
1415 644 1478 680 eor-

326 741 393 796 pore
406 740 413 776 :
425 723 570 793 utriusque
582 718 654 770 enim
669 716 708 769 rei
724 725 805 788 aptus
821 715 920 768 modus
936 714 1118 769 desideratur.
1143 716 1229 768 Vocis
1248 717 1382 769 rationem
1401 717 1479 769 Aris-

323 819 440 864 toxenus
453 808 575 861 musicus
590 803 690 857 diuidit
701 804 729 856 in
743 802 859 856 ritlrmon
870 813 895 856 et
905 801 983 857 orclas
993 814 1019 856 et
1035 812 1144 870 anetina,
1159 820 1280 875 quorum
1293 804 1410 858 alterum
1423 824 1480 859 mo·

322 897 472 963 dulatioue,
489 895 605 949 alterum
621 911 721 946 cartoro
737 910 770 945 ac
790 894 865 945 souis
890 902 1005 945 constat.
1029 893 1100 946 Num
1120 893 1205 963 igitur
1223 911 1279 945 non
1302 892 1359 946 luec
1383 896 1479 948 omnia

322 987 422 1040 oratori
441 984 607 1039 necessaria?
632 984 760 1049 Quorum
778 998 865 1034 unum
885 981 919 1033 ad
937 993 1053 1052 gestum,
1072 980 1191 1035 alterum
1210 981 1243 1034 ad
1265 980 1477 1036 collocationem

322 1075 477 1142 verborum,
499 1072 609 1126 tertium
619 1070 653 1124 nd
657 1070 778 1141 Ῑῖωῑιιηι1
797 1070 880 1140 vocis,
899 1072 947 1141 qui
967 1081 1032 1124 sunt
1048 1069 1194 1141 iungendo
1214 1088 1326 1142 quoque
1351 1071 1475 1143 plurimi,

321 1167 449 1237 pertinet.
474 1162 542 1232 [aa]
565 1161 622 1213 Nisi
645 1159 716 1212 sorte
742 1160 769 1211 in
788 1158 956 1212 carminibus
984 1170 1089 1212 tautum
1110 1170 1137 1212 et
1158 1160 1186 1212 in
1217 1159 1332 1212 (misticis
1359 1162 1479 1230 exigitur

321 1263 457 1307 structum
473 1250 596 1323 quadam
611 1259 636 1301 et
654 1247 788 1301 inoll'ensa
803 1248 943 1321 copulatio
956 1267 1065 1311 vocum,
1080 1251 1108 1302 in
1128 1248 1234 1320 agendo
1249 1267 1415 1321 supervacua
1424 1261 1475 1319 est3

321 1352 434 1396 autnon
449 1340 614 1412 compositio
625 1349 652 1391 et
662 1356 746 1391 sonus
759 1338 787 1390 in
799 1338 1044 1411 orationequoque
1059 1339 1140 1409 varic,
1158 1356 1209 1411 pro
1219 1356 1311 1391 rerum
1325 1338 1476 1408 modo‚ad·

317 1432 438 1495 hibetur,
454 1430 525 1482 sicut
546 1429 572 1480 in
598 1427 712 1482 musica.
731 1427 798 1497 [ap]
820 1427 944 1497 Namque
963 1437 990 1479 et
1010 1446 1075 1479 rore
1099 1439 1123 1480 ct
1146 1426 1333 1480 modulatione
1358 1427 1477 1499 grandia

319 1520 398 1586 elate,
414 1518 532 1573 iocunda
547 1516 676 1585 dulciter,
690 1515 829 1569 moderata
843 1514 940 1568 leuiter
952 1517 1026 1568 cauit
1041 1535 1047 1569 :
1063 1527 1175 1589 totaque
1189 1527 1247 1570 arte
1259 1518 1395 1571 consentit
1412 1535 1476 1571 cum

319 1627 425 1678 corum,
442 1625 503 1680 quac
517 1607 658 1675 dicuntur,
673 1604 827 1658 affectibus.
848 1605 916 1675 [ai]
928 1607 1010 1676 Atqui
1027 1606 1053 1658 in
1070 1605 1175 1659 onrado
1185 1607 1477 1677 quoqucinteutiovo-

320 1699 368 1765 cis,
390 1697 524 1766 remissio,
544 1697 638 1764 llesus,
655 1696 773 1767 pertinet
786 1693 821 1746 ad
832 1693 984 1747 movendos
995 1694 1166 1749 audientium
1180 1696 1295 1761 animos,
1320 1694 1430 1767 aliaque
1449 1707 1476 1750 et

317 1786 506 1840 collocationis
519 1796 545 1838 ct
561 1786 643 1855 vocis,
655 1794 686 1837 ut
701 1782 797 1836 eodem
811 1793 874 1836 utar
884 1782 979 1853 rerba,
992 1783 1181 1837 modulatione
1194 1784 1409 1838 concitationem
1429 1786 1476 1839 iu·

317 1875 421 1944 dicum,
438 1875 489 1928 alia
506 1873 718 1927 misericordiam
733 1873 860 1945 petimus,
876 1890 940 1926 curn
960 1873 1042 1925 etiam
1065 1873 1174 1943 organis
1194 1891 1255 1944 quae
1272 1875 1387 1945 exprimi
1417 1894 1474 1929 non

317 1975 441 2035 possunt,
453 1962 526 2016 allici
538 1964 643 2015 animos
658 1963 684 2015 in
697 1962 835 2015 diversum
849 1960 974 2014 habitum
989 1963 1148 2016 sentiamus.
1165 1962 1232 2032 [ali]
1250 1962 1384 2035 Corporis
1398 1982 1472 2036 qno-

317 2071 371 2124 que
385 2064 464 2123 aptns
478 2061 506 2104 et
520 2050 617 2104 decens
632 2063 756 2105 motus...
774 2061 814 2104 cst
829 2052 1006 2122 necessarius,
1032 2069 1082 2103 nec
1101 2050 1213 2104 aliunde
1234 2051 1288 2123 peti
1305 2063 1395 2124 potest
1415 2072 1423 2107 t
1444 2056 1473 2108 iu

316 2141 446 2214 quo'pars
460 2142 575 2194 actionis
590 2159 645 2193 tion
664 2141 776 2194 minima
790 2141 953 2193 consistit...
969 2140 1071 2211 [27.]...
1090 2139 1208 2195 llabelrit
1224 2145 1251 2198 in
1269 2143 1366 2216 primis
1378 2162 1472 2200 curam

316 2230 389 2281 rocis
399 2239 509 2281 orator:
526 2228 593 2299 qnid
604 2238 658 2280 tam
684 2229 793 2281 ruusimc
807 2229 970 2301 proprium?
976 2268 1467 2292 ,,,,,,,,,,,,,,,,,,,,,,,,,,,,

353 2317 455 2387 [aq.]...
472 2319 535 2369 Haec
549 2300 655 2370 diutius
671 2327 760 2370 torent
778 2316 902 2386 dicenda,
917 2318 939 2370 si
956 2316 1008 2370 hoc
1023 2318 1145 2372 sttulium
1162 2320 1236 2374 reltrt
1257 2340 1359 2376 novum
1377 2323 1475 2395 praeci-

316 2424 418 2480 perem.
435 2405 502 2478 [in]
514 2407 584 2459 Cum
600 2423 663 2458 vero
681 2407 834 2477 antiquitus
850 2425 865 2459 a
879 2407 1000 2460 Chirone
1016 2418 1099 2478 atque
1122 2407 1224 2463 tehitte
1239 2410 1274 2464 ad
1299 2422 1396 2465 nostra
1423 2430 1466 2466 us·

316 2514 369 2567 que
379 2506 501 2569 tempora
514 2494 586 2567 apud
603 2513 707 2564 omnes,
722 2496 769 2567 qui
785 2495 866 2548 modo
882 2494 1029 2566 legitimam
1044 2495 1216 2571 disciplinam
1231 2518 1287 2554 nou
1298 2502 1352 2556 sint
1367 2502 1471 2572 perosi,

315 2583 468 2654 duraverit,
478 2603 533 2638 nou
545 2595 585 2637 est
595 2584 822 2638 cornmittcnduur
840 2595 871 2637 ut
885 2583 931 2637 illa
942 2584 1027 2639 dubia
1043 2584 1320 2661 laciaru'qdelensionis
1333 2590 1474 2645 sollicitu-

314 2673 424 2746 dine,...
451 2671 550 2748 llil...
574 2690 636 2744 quae
663 2674 684 2725 ti
712 2672 747 2726 ab
774 2684 882 2726 oratore
910 2672 966 2727 dici
990 2674 1121 2747 debetp..
1150 2678 1290 2750 quomodo
1318 2698 1373 2734 non
1402 2679 1473 2734 hanc

314 2782 426 2835 quoque
441 2774 525 2817 artem
545 2761 720 2815 necessariam
738 2780 794 2815 csse
805 2764 882 2834 operi
896 2774 990 2817 nostro
1005 2763 1043 2816 rcl
1060 2767 1147 2837 iniqui
1163 2769 1354 2821 consentient?

669 2960 761 3012 Cruor
781 2959 857 3014 Vlll.
880 2961 920 3012 De
937 2960 1092 3030 gratiatur.

351 3129 416 3207 [34]
432 3134 464 3185 ln
476 3130 623 3204 geometria
643 3140 746 3203 partem
763 3128 883 3183 latentur
898 3149 954 3183 esse
974 3130 1068 3184 utilem
1085 3133 1184 3186 teneris
1202 3136 1351 3189 aetatibus:
1374 3137 1469 3207 agitari

313 3241 432 3295 namque
445 3223 561 3291 animos,
572 3231 598 3274 et
613 3221 674 3273 acui
691 3220 808 3290 ingenia,
820 3230 846 3272 et
861 3219 1028 3273 celeritatem
1040 3221 1209 3293 percipiendi
1224 3226 1315 3278 venire
1330 3225 1393 3278 iude
1407 3245 1470 3280 con·

313 3313 428 3382 cednut;
441 3311 487 3364 sed
500 3311 627 3382 prodesse
637 3327 706 3380 eam,
721 3327 777 3362 non
791 3320 822 3363 ut
836 3320 939 3362 ceteras
951 3322 1032 3381 artes,
1046 3328 1108 3363 cum
1123 3323 1256 3385 perceptae
1271 3315 1335 3384 sint,
1348 3314 1394 3368 sed
1404 3334 1469 3370 cum

313 3400 441 3467 discatur,
458 3401 624 3452 existimant.
641 3397 710 3471 [ii]
727 3397 759 3451 Id
772 3396 888 3467 vulgaris
898 3398 993 3469 opinio
1003 3410 1058 3471 est;
1076 3419 1127 3454 nec
1138 3402 1197 3454 sine
1213 3420 1293 3457 eausa
1305 3405 1406 3458 summi
1418 3405 1468 3458 viri

312 3488 393 3540 ctiam
410 3489 559 3560 impensam
575 3487 639 3540 huie
653 3487 729 3559 operi
745 3487 886 3539 scientiam
900 3486 1046 3542 dederuut.
1061 3491 1129 3543 Nam
1145 3508 1208 3544 cum
1220 3494 1368 3562 geometria
1383 3492 1468 3547 divisa

313 3576 347 3627 sit
357 3576 384 3628 in
395 3592 524 3628 numeros
538 3586 619 3646 atquc
633 3575 744 3644 formas,
755 3592 935 3629 munerorum
946 3577 1058 3650 quidem
1073 3580 1174 3634 noticia
1184 3599 1239 3633 non
1253 3583 1355 3635 oratori
1373 3583 1467 3655 modo,

312 3662 357 3717 sed
373 3665 538 3735 cuicumque
552 3665 647 3737 primis
662 3663 756 3717 saltem
771 3663 867 3717 litteris
886 3664 1009 3735 enutrio,
1025 3670 1172 3722 necessaria
1187 3684 1236 3723 est.
1249 3673 1281 3723 In
1301 3673 1389 3725 causis
1404 3690 1468 3726 vero

312 3753 352 3807 rel
374 3753 591 3825 frequentissime
608 3753 706 3806 versari
718 3753 797 3823 solet,
808 3755 946 3825 inquibus
958 3770 1045 3820 actor,
1061 3776 1115 3810 nou
1128 3758 1201 3831 dieo,
1222 3761 1243 3812 si
1257 3762 1328 3813 circa
1347 3778 1468 3815 summas

312 3843 438 3917 trepidat,
451 3843 495 3896 sed
507 3845 527 3895 si
538 3843 686 3914 digitorum
694 3843 788 3896 saltem
800 3842 995 3916 incertolaut²l
1007 3845 1138 3900 indecoro
1149 3858 1225 3918 gestu
1235 3867 1249 3902 a
1261 3851 1467 3922 computatione

310 3932 446 4001 discessit,
469 3932 608 3985 iudicatur
627 3932 762 3987 indoctus.
786 3931 856 4004 [to]
878 3931 927 3985 Illa
951 3951 1014 3986 sero
1030 3934 1139 3989 linearis
1160 3939 1229 3991 ratio
1243 3951 1270 3991 et
1285 3939 1342 4011 ipsa
1352 3938 1466 4010 quidem

311 4022 383 4075 cadit
398 4021 555 4093 frequenter
568 4023 595 4073 in
612 4040 720 4090 causas3
735 4040 796 4074 uam
809 4020 843 4073 de
860 4022 982 4075 terminis
994 4027 1182 4098 mensurisque
1193 4037 1257 4080 sunt
1268 4027 1343 4096 lites3
1356 4027 1403 4080 sed
1419 4028 1467 4081 lia-

311 4112 374 4164 bent
390 4113 519 4164 maiorem
534 4110 679 4181 quamdam
699 4109 778 4162 aliam
797 4128 861 4162 cum
879 4122 937 4164 arte
952 4115 1071 4166 oratoria
1096 4117 1297 4184 cognationem.
1315 4117 1390 4187 [tp]
1408 4119 1464 4169 lam

310 4204 429 4272 priorum
442 4200 510 4254 ordo
526 4212 566 4254 est
581 4200 736 4271 georrrctriae
750 4201 937 4253 necessarius:
957 4220 1048 4255 nonne
1065 4213 1091 4256 et
1111 4203 1291 4275 eloquentia?
1306 4207 1345 4258 Ex
1362 4206 1465 4277 priori-

346 4383 367 4427 l.
381 4379 400 4427 ll
413 4379 516 4429 laudrait
531 4378 620 4447 slcrrts.

343 4466 367 4512 2.
382 4462 410 4511 le
419 4462 581 4524 retalrlisaot,
594 4460 717 4530 supprimi
730 4478 774 4529 par
787 4461 815 4513 ll.
826 4461 856 4512 de
869 4460 908 4524 ll,
924 4479 994 4530 qurce
1005 4464 1065 4530 qu'il
1080 4474 1115 4516 est
1133 4464 1267 4518 neccssaire
1277 4485 1308 4519 an
1320 4483 1383 4520 scus.
