3248 5340
319 475 411 517 exin·
440 434 443 439 ’
801 455 998 510 aermon.

320 613 469 666 historicen
486 622 593 662 vocant.
610 607 768 661 Adit-iamne
783 617 873 659 tannen
888 623 984 658 eornm
1001 623 1075 657 curie
1089 604 1212 676 quadam
1229 605 1337 659 dicendi
1353 608 1474 680 primor-

319 701 373 765 dia,
386 699 489 772 quibus
502 698 588 750 atatis
599 695 723 749 nondum
739 694 876 747 rethorem
896 695 1029 766 capientis
1047 695 1200 747 instituant.
1223 696 1272 765 [a]
1286 696 1375 765 Igitur
1391 700 1475 770 Esopi

322 788 429 843 fabulas
441 806 502 859 quat
520 785 620 838 lehnlis
634 783 879 853 [ιιιιιιίυιιΙιιιιιιιι]1
896 783 1020 854 proxime
1039 783 1200 848 succedunt,
1224 801 1333 838 narrare
1351 803 1475 839 sermone

321 895 393 949 puro
407 887 433 929 et
445 874 528 928 nichil
545 893 573 927 se
585 891 666 946 supra
680 871 792 925 modurn
803 870 955 935 attollente,
974 871 1073 925 deinde
1087 870 1210 925 eamdem
1223 872 1400 952 gracilitatem
1412 875 1477 927 stilo
1504 859 1508 867 ⁵

322 966 442 1020 ediscere
454 963 660 1033 condiscant,...
678 979 734 1032 quo
748 973 774 1012 et
792 959 913 1013 breviare
935 960 1059 1032 quadam
1083 971 1109 1013 et
1127 978 1269 1026 exornare,
1295 961 1368 1015 salvo
1390 973 1478 1035 poetae

323 1072 419 1125 sensu,
440 1053 618 1125 permittitur.
637 1050 743 1121 [3....].
766 1049 911 1103 Sententia·
930 1067 1076 1120 qnoque...
1094 1049 1223 1102 subiectis
1237 1050 1376 1105 dictorum
1391 1054 1478 1104 ratio-

323 1144 406 1197 nibus
424 1141 498 1214 apud
516 1140 707 1210 grammaticos
725 1139 894 1204 scribantur,
912 1139 976 1208 quia
995 1138 1105 1191 initium
1124 1156 1157 1191 ex
1177 1139 1293 1193 lectione
1311 1139 1417 1194 ducunt
1422 1181 1474 1195 .....

359 1232 442 1301 [3.]...
455 1234 488 1282 In
502 1230 543 1283 his
557 1228 687 1282 omnihus
697 1237 724 1279 et
737 1225 884 1280 declinatio
896 1244 947 1298 per
960 1226 1069 1279 eosdem
1084 1226 1197 1281 ducitur
1210 1246 1297 1298 casus,
1311 1239 1405 1282 ettam
1419 1229 1478 1283 lac·

324 1333 417 1374 torum
432 1336 515 1390 quam
528 1318 667 1371 dictorum
678 1317 747 1369 ratio
762 1326 811 1368 cst.
828 1314 1052 1368 Narratiunculas
1066 1334 1081 1368 a
1095 1318 1183 1388 poetis
1197 1316 1355 1387 celebratas,
1373 1319 1478 1371 notitiae

325 1427 417 1477 causa,
434 1426 489 1461 non
503 1407 676 1477 eloquentiae,
693 1403 845 1458 tractandas
859 1415 937 1476 puto.
950 1405 1044 1458 Cetera
1064 1406 1174 1457 maioris
1196 1406 1287 1477 operis
1309 1424 1341 1458 ac
1366 1408 1479 1479 spiritus

325 1498 415 1551 Latini
438 1508 619 1569 praeceptores
643 1493 825 1564 relinquendo
851 1494 998 1546 necessaria
1021 1495 1205 1563 grammaticis
1227 1493 1370 1548 fecerunt:
1391 1495 1479 1548 Groeci

326 1588 412 1656 magis
426 1603 541 1658 operum
555 1600 670 1638 suorum
684 1596 710 1636 et
722 1600 806 1635 onera
815 1591 841 1635 et
858 1580 971 1635 modum
983 1592 1096 1635 norunt.

429 1800 522 1852 Csrur
536 1799 585 1850 Vt.
598 1798 641 1849 Aa
652 1795 754 1850 oratori
763 1795 909 1869 profutura
919 1794 957 1848 sit
966 1793 1085 1868 plurium
1101 1795 1201 1849 artirun
1214 1796 1337 1851 scientia.

364 1983 409 2053 [X‚
431 1981 466 2051 1.]
482 1981 545 2031 Here
559 1978 593 2031 de
610 1978 802 2045 Grammatico,
819 1995 901 2049 quam
915 1978 1071 2030 brevissime
1086 1977 1174 2049 potui,
1193 1996 1248 2030 non
1260 1981 1390 2032 tttomnir
1408 1980 1482 2034 ‹lice-

329 2088 385 2124 rem
401 2078 528 2134 sectatus,
540 2066 616 2137 qnod
628 2066 764 2120 infinitum
779 2076 849 2134 erat,
867 2065 913 2118 sed
926 2077 956 2119 ut
968 2067 1084 2118 maxime
1099 2068 1264 2119 necessaria:
1279 2085 1352 2134 nunc
1361 2066 1397 2121 de
1407 2082 1482 2122 cete-

329 2158 367 2211 ris
386 2156 492 2209 artibus
507 2157 610 2226 quibus
625 2153 817 2220 instituendos,
829 2154 989 2226 priusquam
1006 2154 1110 2207 rethori
1122 2155 1275 2225 tradantur,
1293 2172 1393 2227 pueros
1415 2158 1483 2210 exis

329 2247 408 2315 timo,
428 2246 544 2298 strictim
561 2245 758 2314 subiungant...
778 2244 827 2311 [s]
848 2244 915 2295 Nam
938 2241 1042 2295 hisdem
1067 2242 1122 2295 lere
1139 2244 1219 2296 anuis
1238 2244 1353 2298 aliarum
1372 2262 1484 2317 quoque

329 2332 538 2406 disciplinarum
555 2331 645 2388 studia
661 2331 835 2403 ingredienda
853 2340 916 2384 sunt
933 2350 939 2384 :
955 2349 1016 2403 qure
1028 2334 1092 2403 quia
1102 2342 1128 2384 et
1142 2334 1207 2404 ipsae
1218 2347 1290 2387 artes
1304 2344 1379 2404 sunt,
1391 2344 1417 2386 et
1427 2352 1484 2387 csse

330 2421 458 2495 persectae
472 2423 530 2473 sine
545 2420 643 2473 orandi
659 2421 771 2472 scientia
787 2438 841 2472 non
856 2433 979 2490 possunt,
996 2439 1046 2473 nec
1061 2439 1155 2474 rursus
1170 2422 1204 2475 ad
1222 2420 1398 2476 efficiendum
1420 2440 1484 2476 ora·

331 2523 418 2564 torem
438 2511 502 2563 satis
521 2509 611 2561 valent
630 2509 709 2578 soloe,
724 2527 759 2562 au
775 2510 830 2561 sint
847 2508 912 2562 huic
931 2510 1008 2582 operi
1029 2511 1194 2570 necessarie,
1210 2512 1376 2581 quaeritur...
1398 2511 1482 2582 [4'....]

331 2599 442 2667 Quibus
461 2617 511 2668 ego
527 2599 648 2670 primum
664 2597 716 2650 hoc
731 2597 883 2669 respondeo
896 2597 970 2668 quod
985 2598 1082 2651 Cicero
1097 2600 1125 2651 iu
1144 2600 1247 2670 scripto
1261 2597 1296 2652 ad
1312 2601 1428 2653 Brutum
1451 2600 1485 2653 li·

332 2689 382 2742 bro
398 2687 570 2759 frequentius
585 2697 720 2739 testatur:
744 2704 798 2738 non
814 2687 916 2739 cnima
939 2686 1019 2739 nobis
1036 2687 1141 2740 institui
1161 2698 1298 2740 oratorem
1320 2690 1368 2760 qni
1383 2690 1418 2741 sit
1438 2700 1485 2742 ant

275 2804 277 2809 ⁴
331 2777 380 2850 qui
398 2775 460 2847 fuit,
473 2776 520 2829 scd
536 2776 681 2845 imaginem
696 2773 846 2846 quamdam
862 2776 1018 2847 concepisse
1034 2794 1083 2828 nos
1101 2777 1194 2829 animo
1215 2774 1328 2848 perlecti
1353 2776 1427 2831 illius
1451 2795 1484 2830 ex

332 2865 408 2919 nulla
424 2875 500 2938 parte
513 2865 651 2918 cessantis.
666 2864 715 2934 [5.]
732 2865 800 2916 Nam
815 2874 841 2915 et
857 2865 1006 2936 sapientem
1020 2863 1168 2917 formantes
1180 2881 1253 2934 euin,
1265 2867 1313 2936 qui
1326 2865 1360 2919 sit
1376 2864 1486 2919 futurus

332 2965 539 3008 consummatus
551 2952 683 3024 undique,
700 2962 736 3023 et,
754 2962 783 3005 ut
795 2951 900 3020 dieunt,
918 2950 1040 3005 mortalis
1054 2953 1165 3024 quidam
1181 2952 1259 3022 deus,
1276 2972 1331 3006 nou
1343 2953 1425 3007 modo
1439 2972 1486 3007 co·

332 3044 456 3114 gnitione
470 3041 618 3095 celestium
635 3041 676 3094 rel
700 3040 856 3094 mortalium
880 3052 977 3110 putant
1000 3041 1201 3110 instruendum,
1217 3041 1264 3095 sed
1292 3060 1341 3114 per
1362 3042 1486 3113 quoedrm

333 3151 397 3186 sane
412 3150 528 3204 parra...
543 3132 694 3204 sapientem
703 3128 791 3199 fici-1²,
808 3131 873 3199 quia
889 3128 966 3183 illum
984 3147 1017 3182 ne
1032 3130 1060 3182 in
1083 3131 1203 3184 minimis
1224 3132 1336 3202 quidem
1362 3142 1485 3204 oporteat

333 3221 400 3276 salli.
413 3221 461 3291 [6.]
478 3220 609 3273 Similiter
619 3229 767 3288 oratorem,
781 3219 827 3288 qui
843 3217 925 3270 dehet
932 3236 988 3271 esse
999 3219 1115 3290 sapiens,
1133 3237 1189 3271 non
1202 3230 1339 3288 geometer
1354 3218 1433 3273 faciet
1441 3230 1486 3274 aut

334 3310 465 3379 musicus,
481 3326 598 3381 qmcquc
615 3308 657 3360 his
671 3306 909 3377 aliasubiungam3
927 3305 973 3359 sed
989 3306 1030 3358 hec
1042 3325 1152 3377 qnoque
1168 3318 1244 3377 entes,
1263 3319 1291 3360 ut
1307 3309 1342 3361 sit
1357 3326 1489 3362 consum·

335 3409 434 3468 matus,
453 3398 621 3453 inrahnnt...
638 3396 688 3466 [7]
708 3398 784 3449 Muta
799 3394 1015 3449 verussanimalin
1040 3395 1128 3449 mellis
1149 3407 1175 3449 et
1191 3395 1269 3450 illmn
1296 3396 1486 3450 inimitabilem

334 3487 459 3539 humanu
473 3486 572 3537 rationi
584 3502 719 3556 saporem,
735 3485 809 3536 vario
819 3485 919 3537 llorum
934 3502 965 3537 ac
980 3503 1125 3537 succorum
1140 3503 1237 3556 genere
1256 3485 1403 3556 perficiunt
1416 3506 1423 3556 3
1441 3504 1489 3538 nos

335 3573 527 3625 mirabimnrsi
541 3574 642 3634 oratio,
655 3589 708 3643 qua
725 3571 809 3625 nichil
825 3572 1109 3643 prrestantinshoniini
1121 3573 1196 3626 dedit.
1211 3573 1392 3646 providentia,
1402 3573 1489 3648 pluri-

336 3660 387 3714 hus
399 3659 504 3713 artibus
517 3670 601 3729 egeat,
616 3677 678 3730 quic
691 3661 772 3714 etiam
785 3678 848 3713 eum
869 3680 898 3712 se
918 3680 973 3713 non
993 3661 1142 3715 ostendunt
1164 3662 1293 3731 dicendo,
1317 3681 1367 3716 nec
1386 3662 1488 3723 ferunt,

337 3752 390 3803 vim
411 3759 501 3802 tamen
528 3747 665 3801 occultam
687 3759 844 3819 suggerunt,
861 3760 887 3802 et
909 3751 997 3802 tacita·
1017 3768 1128 3822 qnoque
1151 3753 1317 3804 sentiuntur.
1335 3752 1384 3821 [8.]
1404 3752 1488 3804 «Ferit

336 3839 436 3911 aliquis
445 3839 503 3891 sine
517 3836 560 3891 his
571 3837 689 3891 disertus
701 3856 707 3890 :
721 3860 731 3888 ι
744 3848 783 3891 ast
793 3856 843 3907 ego
854 3849 990 3891 oratorem
1003 3839 1074 3892 rolo.
1093 3861 1102 3888 a
1117 3840 1178 3892 Non
1188 3839 1305 3892 multum
1320 3839 1443 3893 adiciunt
1456 3858 1462 3892 ε
1477 3865 1486 3888 i

338 3929 385 3982 sed
401 3947 478 3999 arque
495 3946 550 3980 non
566 3928 618 3980 erit
632 3937 733 3989 totum,
748 3928 794 3980 cui
809 3927 848 3980 rel
867 3945 947 4000 parra
961 3926 1076 3982 deerunt
1092 3946 1098 3981 :
1114 3939 1140 3981 et
1155 3930 1290 4001 optimum
1307 3929 1418 4000 quidem
1440 3928 1491 3981 hoc

336 4037 394 4071 csse
414 4019 558 4070 conveniet
581 4035 587 4069 :
607 4018 687 4069 cuius
703 4017 807 4069 etiamsi
833 4018 860 4068 in
876 4015 963 4070 arduo
982 4035 1042 4089 spes
1056 4027 1105 4086 est,
1127 4036 1177 4070 nos
1196 4028 1285 4071 tamen
1302 4019 1492 4090 praecipiamns

376 4203 398 4247 1.
411 4197 446 4247 Ce
460 4205 520 4249 mot,
533 4192 655 4261 supprime
666 4210 709 4260 par
717 4193 746 4243 Ε.
756 4193 786 4243 de
798 4193 839 4253 tt.,
851 4194 898 4244 m's
973 4198 996 4245 2.
1016 4196 1094 4257 Fieri,
1106 4212 1136 4244 au
1151 4196 1200 4246 lien
1218 4195 1248 4245 de
1267 4195 1319 4257 scd,
1335 4195 1381 4245 mis
1400 4211 1444 4262 par
1462 4195 1489 4245 E.

339 4272 434 4323 semble
449 4272 534 4322 desoir
548 4273 599 4321 etre
616 4270 703 4320 ritahli
720 4285 782 4336 pour
804 4270 826 4319 le
844 4286 898 4319 sens
941 4271 972 4319 de
986 4271 1017 4320 ll.
1037 4287 1099 4338 pour
1115 4272 1137 4321 le
1153 4287 1209 4321 sens
1228 4271 1258 4319 de
1285 4271 1308 4320 la
1326 4271 1423 4337 phrase.

342 4350 371 4399 dc
390 4349 413 4398 le
427 4347 525 4415 phrase.
974 4351 998 4396 3.
1022 4348 1196 4404 Vernaulieu
1210 4346 1272 4396 dcet
1287 4347 1385 4396 :meme
1400 4345 1491 4396 raison.
