3248 5340
631 512 830 568 arrasum.
1201 532 1307 576 exssu

155 658 206 711 bns
220 661 366 729 geometria
382 659 480 731 prohat
500 661 680 733 insequentia,
703 673 729 715 et
749 665 830 716 certis
852 664 975 717 incerta:
997 683 1088 718 nature
1109 666 1137 719 id
1149 668 1176 720 in
1192 668 1309 723 dicendo

154 748 287 801 lechnus?
296 747 389 815 Quid?
404 749 448 802 illa
461 751 664 822 propositarum
674 752 855 822 questionum
871 753 1011 808 conclusio
1023 772 1077 808 non
1090 765 1147 809 tota
1160 755 1216 809 fere
1230 777 1310 812 cons-

154 846 192 889 tat
209 836 388 909 syllogismis?
403 840 517 911 Propter
532 839 608 911 quod
622 839 715 913 plnres
729 841 852 895 invenias
870 844 916 914 qui
930 842 1081 897 dialectica·
1095 844 1210 899 similem
1226 865 1309 918 qumu

154 925 204 997 qui
220 925 364 980 rethoricae
376 926 513 982 fateantur
524 928 594 981 barac
611 940 708 983 artem.
724 932 825 984 l'erurn
840 944 866 983 ct
881 942 984 1003 orator,
1000 933 1106 986 etiamsi
1124 951 1196 1003 raro,
1211 935 1309 1007 [noni]

156 1025 246 1069 tamen
260 1034 401 1089 nunquam
414 1018 545 1089 probabit
557 1017 710 1072 dialectice.
725 1017 795 1092 [tlh]
809 1021 873 1073 h'am
889 1031 914 1073 et
929 1020 1100 1092 syllogismis,
1114 1023 1136 1075 si
1152 1041 1194 1075 res
1206 1035 1309 1096 poscet,

156 1115 258 1173 utetur,
276 1117 302 1160 et
317 1116 390 1159 certe
400 1107 596 1165 enthimemate.
611 1109 659 1180 qui
683 1109 837 1162 rethoricus
851 1121 890 1163 est
905 1109 1087 1181 syllogismus.
1102 1113 1229 1184 lienique
1243 1131 1310 1186 pro-

155 1195 299 1248 bationum
314 1214 375 1267 quae
392 1207 455 1250 sunt
470 1198 673 1268 potentissimae,
688 1199 855 1269 argumentis
870 1207 895 1251 et
909 1199 1092 1272 experiurentir
1102 1202 1227 1255 utetur²t
1243 1202 1310 1274 quid

155 1294 247 1337 autem
261 1286 346 1356 magis
358 1287 447 1340 oratio
463 1304 545 1357 qnam
561 1285 752 1360 probationem
768 1290 856 1361 petit?
871 1288 946 1359 [sq]
961 1287 1036 1341 Falsa
1049 1307 1162 1361 qrriique
1177 1292 1312 1344 verisimi-

157 1372 194 1427 lia
208 1376 356 1445 geometria
371 1376 478 1428 ratione
490 1375 681 1448 deprehendit.
698 1378 739 1429 Pit
754 1377 806 1430 hoc
818 1391 843 1430 ct
860 1378 887 1430 in
903 1377 1023 1431 {tutareris
1035 1397 1083 1449 per
1096 1379 1226 1449 «quasdam
1244 1398 1312 1453 quas

156 1462 390 1538 pseudographus
413 1477 518 1535 vocant,
543 1467 644 1537 quihus
663 1468 741 1539 pueri
761 1465 856 1520 ludere
877 1465 1043 1520 solebamus.
1063 1466 1115 1519 sat
1135 1467 1187 1521 alia
1210 1470 1311 1522 maiora

157 1566 220 1606 sunt
226 1593 1307 1616 .............................................................

195 1643 265 1714 [.·ῑ6.]
287 1643 372 1715 Quid,
395 1643 470 1715 qnod
490 1663 518 1697 se
538 1644 631 1697 eadem
647 1646 793 1715 geometria
809 1644 881 1698 tollit
894 1644 929 1697 ad
951 1645 1083 1698 rationem
1103 1663 1188 1716 usque
1205 1646 1309 1715 niuridi,

158 1733 185 1784 in
200 1749 265 1803 qua,
280 1750 344 1786 eum
360 1732 480 1787 siderum
494 1744 583 1786 certos
597 1735 817 1808 constitutosque
832 1751 929 1788 cursus
945 1735 1067 1787 numeris
1078 1733 1169 1805 docet,
1183 1734 1313 1790 discimus

157 1820 242 1874 nichil
256 1840 314 1874 esse
329 1821 517 1876 inordinatum
531 1833 614 1895 atque
627 1823 774 1877 fortuitum
790 1848 796 1877 ε
810 1822 886 1895 qnod
905 1824 994 1895 ipsum
1011 1840 1210 1895 nonnunquam
1229 1824 1313 1896 perti·

158 1928 222 1963 itere
234 1910 267 1964 ad
282 1923 419 1966 oratorem
435 1921 522 1984 potest
530 1951 1309 1973 ............................................

195 1999 298 2070 [luda.
314 2001 341 2053 Si
356 2000 463 2054 aittem⁸
474 2012 514 2054 est
528 2003 665 2056 oratori...
682 2002 716 2055 de
726 2003 855 2056 omnibus
869 2003 951 2055 rebus
964 2000 1121 2071 (licendum,
1139 2001 1215 2056 riullo
1231 2002 1313 2056 modo

158 2089 216 2141 sine
227 2091 374 2158 geometria
387 2101 475 2163 potest
492 2109 549 2144 esse
566 2101 669 2145 orator.

328 2279 419 2333 Cseur
439 2280 489 2334 tt.
509 2282 548 2333 Dr
565 2279 796 2354 pronunciationis
816 2287 841 2331 et
859 2288 952 2351 gestus
971 2278 1147 2333 institutione.

196 2461 255 2533 [XL
283 2464 360 2534 r....]
383 2462 585 2517 Promnuiandi
602 2464 743 2517 scientiam
764 2462 874 2517 iuturus
892 2463 1028 2517 desiderat
1041 2472 1144 2518 orator.
1161 2464 1222 2516 Nou
1241 2464 1314 2516 enim

160 2569 287 2623 puerum,
303 2570 385 2624 quein
403 2554 428 2604 iu
445 2553 496 2606 hoc
512 2554 690 2625 instituimus,
708 2565 754 2606 arrt
772 2552 895 2607 leminea·
912 2553 985 2605 roris
998 2551 1118 2606 exilitate
1137 2552 1224 2623 lrarigi
1241 2552 1314 2624 volo,

159 2651 207 2694 aut
222 2640 343 2694 seniliter
357 2652 480 2696 tremere.
496 2643 546 2715 [u]
561 2644 616 2696 Nee
630 2643 696 2696 vicia
710 2643 852 2696 ebrietatis
867 2642 988 2713 ellingat,
1005 2660 1055 2694 nee
1069 2641 1157 2695 servili
1173 2660 1249 2696 more
1265 2643 1317 2695 im-

160 2730 275 2801 buatur,
299 2750 349 2784 uec
363 2733 473 2799 auroris,
489 2733 619 2797 avariciae,
642 2743 730 2785 metus
750 2732 835 2785 discat
854 2730 986 2785 allectum
1005 2750 1011 2784 :
1027 2750 1088 2804 qnae
1103 2750 1192 2804 neque
1212 2732 1316 2786 oratori

160 2830 222 2872 sunt
238 2822 386 2873 necessaria
402 2835 427 2874 et
441 2832 559 2875 mentem
582 2824 719 2896 pra-cipue
734 2823 762 2874 in
777 2831 855 2874 aetate
877 2823 964 2894 prima
980 2832 1101 2874 teneram
1118 2819 1209 2874 adhue
1225 2830 1251 2873 ct
1269 2838 1316 2873 ru·

159 2907 220 2961 dem
238 2909 374 2964 inliciunt.
392 2912 441 2981 [3.]
455 2912 523 2963 Nam
535 2910 664 2982 frequens
680 2912 796 2964 imitatio
819 2912 914 2963 transit
930 2911 956 2962 in
974 2927 1076 2963 mores.
1095 2910 1134 2962 Ne
1147 2915 1238 2980 gestus
1251 2909 1317 2981 qni-

160 2996 221 3050 dem
235 3000 323 3052 omnis
336 3011 383 3053 aut
399 3010 515 3054 motusa
531 3000 663 3053 eorrioedis
678 3000 812 3073 petendus
823 3010 862 3052 est
881 3017 887 3052 :
903 3017 1060 3070 quanquam
1078 2999 1151 3051 euim
1168 3009 1317 3071 utrumque

160 3104 256 3139 eorum
268 3088 301 3141 ad
318 3089 464 3160 querndam
479 3089 591 3143 moduni
605 3099 733 3162 prestare
744 3088 826 3141 dehet
838 3099 940 3157 orator,
956 3086 1107 3160 plurimum
1122 3097 1211 3139 tamen
1227 3088 1316 3141 aberit

160 3194 174 3227 a
195 3178 314 3246 scenico,
335 3198 384 3231 nec
405 3179 482 3233 iultu
499 3197 549 3231 nee
564 3197 647 3231 rriatrtu
667 3198 716 3232 nee
732 3178 944 3231 excursionibus
958 3176 1068 3231 ruritius.
1088 3176 1156 3227 Nam
1174 3176 1195 3227 si
1214 3193 1268 3247 qua
1288 3177 1316 3228 in

163 3265 203 3317 his
214 3284 258 3319 ars
272 3277 310 3320 est
326 3267 489 3337 dicentium,
505 3288 535 3320 ea
550 3269 637 3340 prima
652 3279 691 3321 est
705 3287 739 3321 ne
753 3285 797 3319 ars
807 3286 863 3319 esse
879 3265 1013 3318 sidentur.
1029 3265 1078 3335 [t]
1094 3263 1176 3330 Qurid
1187 3272 1226 3316 est
1236 3264 1319 3333 igitur

162 3354 189 3407 iu
205 3354 247 3407 his
261 3355 383 3410 doctoris
398 3358 537 3410 officinm?
552 3360 583 3409 ln
601 3357 695 3429 primis
708 3358 785 3426 sicia,
802 3356 825 3408 si
839 3374 893 3427 qna
906 3365 980 3421 suut,
997 3355 1051 3407 oris
1063 3352 1188 3406 ernendet
1207 3363 1257 3408 :ut
1271 3371 1317 3405 es·

162 3462 253 3514 pressa
273 3447 326 3498 siut
347 3446 437 3508 rerba,
459 3457 488 3499 nt
509 3446 565 3498 suis
579 3463 695 3519 quaque
719 3446 814 3499 litterae
828 3446 903 3497 souis
917 3444 1108 3497 euumientur.
1127 3443 1316 3509 Quorumdam

161 3534 234 3585 enim
250 3534 290 3584 sel
306 3533 426 3586 exilitate
442 3534 482 3586 rel
497 3534 662 3606 pinguedine
679 3536 761 3588 nimia
778 3533 934 3588 laboramus
948 3552 954 3587 :
968 3533 1099 3607 quasdam
1113 3531 1184 3587 relut
1199 3533 1318 3586 acriores

161 3638 258 3694 prrrtnn
275 3622 418 3691 efficiunrs,
435 3637 461 3675 et
476 3623 536 3676 aliis
551 3642 606 3676 urin
622 3623 810 3695 dissimilibus,
823 3624 870 3678 sed
882 3625 958 3696 (marsi
977 3623 1165 3677 hebetioribus
1179 3633 1319 3696 permuta-

162 3728 231 3764 mus.
261 3711 310 3782 [3.]
332 3712 442 3784 Quippe
463 3715 484 3764 a
505 3712 601 3766 littera·
621 3732 690 3766 struo
711 3713 907 3767 Demosthenes
922 3713 1094 3765 laboravit...
1111 3714 1172 3764 Nou
1193 3712 1274 3764 verba
1290 3711 1317 3762 in

164 3799 289 3854 lariti-ihus
311 3802 431 3872 patietur
448 3802 548 3873 audiri,
573 3822 622 3855 nec
640 3804 696 3856 oris
716 3803 847 3855 inanitate
869 3819 1012 3865 resonam
1038 3820 1098 3865 neit,
1114 3800 1189 3871 (quod
1206 3800 1319 3852 minime

162 3892 280 3943 serrunni
299 3908 370 3964 puro
394 3893 547 3961 coru'euiat,
569 3891 722 3965 simplicem
742 3892 816 3944 vocis
829 3901 955 3944 naturam
975 3889 1099 3962 pleniore
1116 3888 1234 3960 quodam
1250 3905 1318 3941 sono

161 3979 378 4036 circumliuire...
397 3981 446 4054 [8.]
462 3981 577 4035 Curahit
591 3983 689 4053 etiam,
706 4001 740 4035 ne
754 3992 882 4035 ertremoe
896 3978 999 4032 sillabtc
1009 3977 1180 4051 ,intercidant
1197 3996 1203 4031 :
1226 3988 1255 4031 ut
1270 3993 1319 4049 par

163 4068 214 4121 sihi
230 4088 319 4123 sermo
343 4072 391 4133 sit,
410 4083 438 4125 ut
457 4074 584 4144 qumims
599 4070 809 4126 exclamandum
824 4071 884 4141 erit,
903 4068 991 4122 lateris
1006 4072 1121 4123 coriatus
1141 4067 1176 4121 sit
1190 4066 1246 4138 ille,
1263 4084 1318 4119 nou

201 4274 223 4321 1.
237 4273 303 4333 Nori,
322 4270 444 4339 supprime
461 4288 504 4339 par
526 4272 553 4322 E.
573 4271 603 4321 de
625 4269 667 4332 lh,
681 4277 717 4321 est
758 4269 788 4320 de
804 4268 833 4320 ll.
848 4287 861 4319 a
875 4266 1006 4319 modittte
1023 4275 1095 4319 texte.

168 4346 345 4413 indispensahle
360 4364 390 4396 an
405 4364 467 4397 sens.
795 4351 818 4397 3.
835 4351 922 4395 Autem
940 4344 1018 4410 ajoutd
1028 4361 1071 4411 par
1083 4345 1111 4394 tt.
1125 4343 1155 4392 de
1170 4338 1235 4403 ll.‚it
1250 4354 1320 4392 ottrse

197 4426 221 4471 2.
239 4450 269 4459 —
293 4423 326 4472 be
349 4422 392 4471 ils.
414 4426 480 4475 urs
501 4424 582 4472 doriue
610 4437 616 4473 :
635 4438 721 4489 grem·
762 4423 792 4473 de
814 4421 836 4471 la
866 4421 1019 4489 suppression
1045 4421 1075 4470 de
1093 4436 1121 4471 ce
1142 4419 1183 4486 qni
1207 4418 1317 4486 precede.

163 4497 249 4545 nintire
268 4496 380 4566 npediris
404 4496 480 4562 rulgo
496 4496 621 4549 dicantur.
641 4525 674 4536 -
691 4497 720 4547 E.
