3248 5340
314 512 382 554 xxx
717 494 1062 551 rutuouucrtox.

315 647 391 714 sica.
414 686 458 698 -
474 649 506 714 8.
532 650 580 712 De
603 646 801 713 Geometria.
818 684 862 696 -
878 670 910 733 9.
931 649 979 711 De
1003 644 1282 734 pronunciationis
1300 664 1332 711 et
1354 664 1463 734 gestus

315 758 528 825 institutione.
551 798 595 808 -
616 783 664 822 1o.
685 761 735 822 An
751 758 841 846 plura
858 757 974 822 eodem
990 773 1131 845 tempore
1146 756 1256 821 doceri
1274 757 1424 846 possint?

361 873 473 957 [eran
491 873 547 956 114
569 895 620 935 11.
635 867 776 952 Quando
792 868 916 933 retheri
931 868 1108 934 tradendus
1122 868 1162 932 sit
1177 892 1273 958 puer.
1290 908 1336 919 —
1351 893 1401 934 12.
1419 873 1469 935 De

315 982 461 1047 moribus
482 997 514 1046 et
530 979 645 1045 officiis
660 979 878 1070 praeceptoris.
897 1019 941 1032 -
967 982 1018 1046 13.
1039 985 1089 1046 Au
1106 979 1255 1069 protinus
1269 998 1469 1071 preceptore

315 1093 439 1182 optimo
452 1092 493 1157 sit
506 1090 686 1157 utendum?
699 1131 745 1140 —
764 1096 815 1169 14.
831 1093 880 1155 130
894 1090 1007 1182 primis
1025 1089 1113 1180 apud
1124 1090 1289 1156 rethorem
1301 1091 1442 1157 exercita
1453 1131 1469 1142 ·

315 1202 472 1267 tionibus.
494 1241 538 1252 —
568 1201 618 1266 15.
643 1203 691 1264 De
719 1200 858 1267 lectione
888 1216 1055 1266 oratorum
1078 1216 1110 1265 et
1137 1200 1353 1291 hystoriarum
1379 1202 1466 1292 apud

317 1315 492 1378 rethorum.
519 1351 564 1363 -
591 1313 641 1376 16.
667 1312 732 1393 Qui
756 1312 830 1376 libri
850 1311 946 1402 primi
971 1311 1100 1400 legendi
1116 1313 1202 1401 apud
1225 1312 1402 1379 rethorum.
1425 1353 1470 1362 —

322 1426 428 1512 17.De
443 1422 601 1488 divisione
612 1428 644 1488 et
655 1423 839 1512 partitione.
851 1461 896 1473 -
907 1425 957 1490 18.
968 1426 1016 1489 De
1031 1423 1217 1488 ediscendo.
1227 1462 1272 1474 -
1288 1431 1401 1513 19.An
1415 1449 1470 1490 se-

316 1533 515 1598 eundumsui
531 1534 669 1622 quisque
682 1532 803 1621 ingenii
815 1533 983 1599 docendus
997 1533 1039 1599 sit
1052 1549 1211 1600 naturam.
1226 1573 1271 1583 -
1286 1559 1339 1599 ao.
1361 1539 1409 1600 De
1422 1535 1468 1598 os·

316 1644 389 1710 ficio
408 1644 652 1734 discipulorum.
666 1686 709 1695 —
725 1670 779 1710 21.
795 1648 843 1710 130
861 1645 996 1710 utilitate
1009 1663 1041 1710 et
1052 1646 1177 1711 ratione
1192 1645 1407 1712 declamandi.
1426 1686 1470 1697 —

318 1779 372 1820 22.
394 1759 444 1820 Au
462 1756 539 1821 artis
562 1755 742 1821 necessaria
756 1755 922 1840 cognitio?
940 1794 984 1803 —
1001 1756 1053 1819 23.
1071 1757 1182 1837 Quare
1202 1756 1355 1822 ineruditi
1374 1757 1466 1844 inge-

317 1866 476 1932 niosiores
490 1866 585 1953 vulgo
599 1865 779 1931 videantur.
796 1902 840 1914 —
854 1869 907 1942 24.
922 1864 985 1947 Qui
999 1864 1114 1929 modus
1127 1865 1162 1929 in
1175 1883 1257 1930 arte.
1276 1906 1321 1916 —
1338 1869 1378 1932 25
1384 1917 1391 1931 .
1412 1867 1471 1932 Di-

316 1977 396 2040 visio
415 1974 513 2040 totius
538 1975 656 2064 operis.
678 2013 722 2024 —
743 1975 795 2037 26.
812 1973 900 2056 Quid
918 1974 957 2039 sit
976 1975 1138 2041 rethorica
1153 1993 1186 2039 et
1199 1976 1271 2063 quis
1290 1979 1358 2062 ejus
1374 1977 1467 2041 huis.

316 2124 360 2135 —
377 2109 430 2174 27.
455 2088 506 2148 Au
520 2085 607 2149 utilis
623 2083 663 2148 sit
681 2084 863 2150 rethorica?
882 2123 926 2136 -
946 2086 999 2151 28.
1020 2089 1071 2150 Au
1090 2087 1131 2152 sit
1152 2111 1203 2151 ars
1223 2088 1405 2152 rethorica?
1426 2126 1472 2137 —

318 2219 372 2283 29.
400 2197 445 2259 Ex
476 2193 595 2280 quibus
619 2211 745 2260 constet
767 2196 949 2262 rethorica?
968 2236 1014 2247 —
1039 2199 1094 2263 3ο.
1117 2198 1239 2263 Natura
1258 2222 1300 2262 au
1315 2198 1469 2263 doctrina

316 2306 388 2396 plus
411 2304 604 2392 eloquentiae
629 2306 861 2371 0001000ῑὲ-
884 2307 937 2373 31.
957 2311 1006 2374 An
1026 2309 1127 2374 virtus
1149 2309 1189 2374 sit
1212 2309 1397 2374 rethorica?
1428 2349 1472 2359 —

318 2417 372 2482 32.
391 2419 472 2498 Quae
492 2415 625 2481 materia
640 2416 680 2482 sit
698 2416 867 2482 rethoricae
881 2419 979 2484 artis?

363 2527 471 2615 [Lrvan
485 2527 623 2612 111.]33.
645 2529 692 2592 De
707 2526 928 2593 inventoribus
942 2528 1112 2594 rethoricae
1132 2529 1221 2594 artis
1242 2568 1287 2580 —
1307 2530 1360 2606 34.
1378 2530 1468 2612 Quid

317 2637 358 2701 sit
372 2635 500 2702 initium
515 2637 683 2702 rethoricae
699 2637 788 2704 artis.
809 2678 853 2689 —
868 2638 921 2705 35.
939 2641 1020 2722 Quae
1044 2655 1151 2729 partes
1171 2639 1342 2705 reatmricae
1373 2640 1463 2705 artis.

316 2786 362 2797 —
374 2749 428 2813 36.
449 2750 530 2830 Quae
548 2765 579 2813 et
598 2767 679 2837 quot
692 2772 810 2836 genera
826 2774 1007 2815 causarum.
1022 2790 1067 2802 —
1082 2752 1134 2839 37.
1148 2751 1276 2833 Quibus
1293 2750 1467 2816 contiuea-

319 2877 371 2923 tur
385 2858 491 2924 omnis
507 2859 623 2924 oratio.
639 2898 684 2910 -
698 2860 750 2926 38.
771 2861 860 2944 Quid
876 2861 1026 2926 sitstatus
1037 2886 1217 2928 causarum.
1237 2900 1282 2914 -
1298 2864 1350 2950 39.
1374 2861 1467 2926 Unde

317 2972 453 3040 ducatur
471 2992 583 3040 status.
606 3014 649 3025 -
669 2981 723 3055 40.
743 2979 832 3059 Quot
852 2976 951 3065 etqui
966 2977 1030 3041 siut
1044 2994 1156 3044 status.
1177 2980 1356 3057 -4ι.130
1375 2976 1468 3041 laude

318 3099 350 3149 et
366 3084 614 3175 vituperatione.
632 3126 677 3136 -
692 3093 747 3168 49..
769 3089 817 3152 130
836 3087 979 3153 suasoria
1002 3105 1034 3153 et
1052 3088 1257 3155 dissuasoria.
1281 3127 1325 3140 -
1345 3089 1401 3167 43.
1421 3090 1470 3152 130

320 3196 463 3286 partibus
475 3221 643 3264 causarum
656 3199 870 3287 judicialium.
886 3238 932 3249 —
954 3205 994 3280 44
1001 3250 1008 3263 .
1029 3203 1077 3265 130
1094 3199 1266 3287 generibus
1286 3222 1470 3265 causarum.

319 3347 363 3358 -
376 3310 431 3386 45.
448 3308 534 3392 Quid
550 3310 591 3375 sit
604 3311 750 3399 quaestio,
768 3311 861 3389 ratio,
872 3311 1028 3397 judicatio
1043 3327 1075 3375 et
1087 3309 1274 3379 continens.

365 3420 478 3504 [Lrvnn
494 3422 566 3504 lu]
585 3423 639 3500 46.
658 3425 705 3487 130
723 3423 871 3488 exordio.
885 3462 929 3473 —
946 3428 1000 3511 47.
1017 3426 1064 3488 130
1078 3421 1274 3487 narratione.
1291 3423 1466 3500 -48.130

319 3526 528 3611 digressione.
552 3568 597 3578 —-
616 3535 670 3615 49.
697 3533 745 3595 130
765 3533 987 3622 propositione
1002 3533 1175 3600 rethorica.
1194 3573 1238 3583 —
1258 3532 1311 3599 50.
1334 3536 1380 3599 130
1393 3556 1469 3622 par·

321 3650 447 3698 utrone.

366 3745 555 3832 410000314
576 3746 628 3811 51.
644 3749 692 3811 De
713 3749 963 3837 probationibus
986 3752 1252 3817 inartificialibus.
1276 3790 1320 3800 -
1342 3754 1394 3815 52.
1422 3754 1471 3816 De

320 3853 523 3945 praejudiciis.
543 3895 587 3906 —
603 3856 655 3922 53.
674 3860 721 3922 130
738 3884 881 3925 rumore.
899 3899 944 3913 -
959 3861 1012 3941 54.
1029 3865 1077 3928 De
1092 3862 1272 3926 tormentis.
1291 3899 1333 3909 -
1350 3860 1404 3928 55.
1422 3865 1470 3926 De

320 3966 449 4032 tabuiis.
469 4006 513 4017 -
533 3967 586 4034 56.
613 3972 660 4034 130
671 3971 878 4055 jusjurando.
900 4011 945 4023 -
963 3977 1018 4059 57.
1036 3973 1085 4035 De
1094 3971 1241 4038 testibus.
1259 4012 1303 4023 -
1320 3973 1371 4039 58.
1392 3976 1465 4039 1300

321 4101 438 4167 genera
458 4078 600 4144 testium.
626 4121 671 4130 -
697 4087 750 4169 59.
777 4085 824 4147 130
854 4100 935 4148 teste
958 4082 1152 4148 voluntario.
1178 4122 1224 4133 —
1241 4086 1296 4149 60.
1323 4087 1371 4149 130
1391 4103 1470 4150 teste

317 4193 406 4276 jussu
420 4189 549 4277 judicis.
562 4193 669 4256 -61.
688 4194 736 4256 De
754 4209 833 4258 teste
846 4194 988 4282 cognito.
1009 4197 1119 4259 -62.
1135 4197 1183 4258 De
1200 4186 1282 4260 teste
1300 4196 1413 4261 invito.
1432 4236 1477 4246 -

321 4302 376 4367 63.
405 4303 453 4365 130
477 4318 556 4367 teste
583 4301 760 4391 incognito.
787 4344 832 4355 —
853 4306 907 4385 64.
935 4309 982 4373 130
1011 4305 1204 4395 probatione
1228 4307 1400 4371 artificiali.
1434 4348 1476 4357 —

322 4413 377 4476 65.
394 4415 442 4476 De
461 4413 570 4501 siguis.
596 4453 641 4466 —
659 4418 713 4481 66.
735 4419 782 4482 130
802 4418 1011 4507 argumentis.
1033 4456 1078 4468 -
1094 4419 1149 4509 67.
1171 4422 1219 4484 De
1235 4419 1407 4508 exemplis.
1433 4459 1477 4469 —
