3248 5340
342 502 377 552 92
678 499 717 553 ΙΙ.
742 497 860 553 ΙἸΙΙΙΙΙ
884 495 1163 568 Qutn‘Tttlxrtt

297 661 315 716 a
343 649 392 720 sic
406 647 572 737 dixerim,
591 649 714 744 religio
732 647 974 720 commendat.
1000 647 1200 718 Auctoritas
1219 645 1266 716 ab
1293 644 1508 717 oratoribus

345 769 400 840 vel
421 768 598 841 historicis
620 770 695 867 peti
712 768 827 840 solet:
852 793 935 838 nam
956 783 1081 864 poetas
1105 768 1209 838 metri
1231 766 1421 838 necessitas
1441 790 1506 835 ex-

344 903 455 976 cusat,
476 890 587 960 nisisi
605 889 766 987 quando,
789 888 876 959 nihil
898 887 1117 986 impediente
1136 888 1171 958 in
1193 901 1346 983 utroque
1368 885 1504 957 modu-

344 1007 476 1079 latione
486 1009 633 1105 pedum,
645 1007 947 1081 alterummalunt
964 1007 1101 1103 :qualia
1117 1022 1214 1095 sunt,
1233 1011 1311 1077 Imo
1329 1004 1374 1075 de
1391 1011 1507 1104 stirpe

345 1132 498 1215 recisum,
518 1143 552 1199 et
562 1134 753 1228 Aeriaequo
768 1154 968 1224 congessere
974 1127 1165 1226 palmubes,
1180 1142 1216 1198 et
1228 1128 1334 1196 Siliee
1344 1125 1501 1213 innudet,
1551 1155 1565 1195 τ.

345 1263 380 1319 et
406 1248 532 1320 similia
550 1278 557 1320 :
573 1274 655 1320 cum
671 1274 895 1320 summorum
917 1250 952 1319 in
969 1248 1174 1345 eloquentia
1189 1248 1349 1319 virorum
1365 1246 1504 1344 judici·

353 1393 413 1438 um
433 1393 500 1466 pro
515 1371 666 1460 ratione,
678 1385 712 1440 et
723 1368 778 1440 vel
789 1393 890 1440 error
903 1367 1077 1440 honestus
1090 1382 1141 1438 est
1154 1392 1301 1463 magnos
1316 1367 1428 1437 duces
1447 1393 1505 1438 se·

298 1500 317 1556 3
345 1487 549 1584 quentilsus
564 1489 796 1561 Consuetudo
813 1514 899 1560 vero
915 1489 1109 1560 certissima
1130 1486 1300 1584 loquendi
1317 1488 1503 1582 magistra,

347 1608 594 1705 utendumque
608 1608 714 1707 plane
730 1634 896 1680 sermone
909 1624 949 1680 ut
966 1633 1133 1695 nummo,
1149 1610 1207 1678 cui
1223 1606 1367 1705 publica
1386 1607 1504 1678 forma

345 1742 409 1799 est.
427 1730 555 1800 Omnia
569 1728 772 1800 tameulraec
785 1730 1019 1825 exiguntacre
1030 1727 1221 1823 judicium,
1235 1726 1397 1823 analogia
1411 1753 1506 1825 prae·
1538 1756 1566 1799 10

346 1849 462 1946 cipue,
482 1875 589 1946 quarn
611 1851 775 1946 proxime
802 1874 844 1919 ex
867 1874 980 1944 graeco
1001 1848 1253 1920 transferentes
1276 1849 1312 1918 iu
1333 1846 1503 1935 latinum,

299 1981 317 2036 t
340 1971 600 2065 puerportionem
618 1985 849 2040 vocaverunt.
870 1969 951 2065 Ejus
963 1969 1037 2039 haec
1055 1970 1107 2039 vis
1116 1984 1181 2056 est,
1201 1983 1240 2038 ut
1255 1966 1305 2056 id,
1317 1967 1420 2064 quod
1433 1967 1505 2039 du-

347 2086 445 2157 bium
459 2088 577 2176 est‚ad
587 2088 722 2186 aliquid
737 2090 866 2177 simile,
885 2089 931 2160 de
947 2114 1020 2186 quo
1034 2113 1106 2159 non
1125 2089 1309 2184 queritur,
1324 2088 1459 2161 reserat
1471 2104 1509 2160 et

347 2208 481 2278 incerta
500 2211 604 2279 certis
620 2208 761 2307 probet.
777 2209 884 2296 Quod
899 2208 1054 2280 efficitur
1071 2208 1206 2307 duplici
1218 2209 1272 2279 via
1289 2233 1506 2307 :compara-

347 2326 444 2397 tione
462 2327 630 2399 similium
646 2330 681 2399 in
695 2330 862 2400 extremis
883 2330 1035 2400 maxime
1053 2327 1199 2425 syllabis
1215 2329 1383 2426 (propter
1401 2329 1507 2425 quod
1538 2347 1567 2393 ¹⁵

346 2469 401 2535 ea,
419 2471 497 2542 quae
516 2462 596 2517 sunt
617 2447 808 2543 esingulis,
826 2463 1001 2543 negantur
1019 2447 1151 2519 debere
1166 2448 1371 2543 rationem),
1388 2463 1424 2519 et
1438 2448 1508 2520 de-

383 2688 407 2735 7.
427 2667 466 2720 vel
481 2686 559 2720 error
580 2687 586 2721 :
616 2672 637 2721 B
653 2671 676 2722 N
694 2672 756 2722 l‘rat
772 2671 803 2735 P,
826 2671 905 2739 7725,
931 2688 1021 2741 77273
1044 2670 1116 2724 velut
1135 2687 1231 2723 error:
1250 2672 1273 2723 A
1292 2670 1351 2722 BT
1370 2669 1432 2722 Alsn
1448 2672 1509 2724 SC

347 2754 469 2821 mediol,
484 2756 603 2828 Bouue113
619 2757 692 2811 velut
708 2757 838 2812 honestus
848 2777 946 2814 error:
962 2761 983 2810 F
998 2761 1031 2812 L.
1046 2789 1081 2799 -
1091 2778 1116 2828 9.
1135 2758 1219 2832 plano
1238 2776 1363 2812 sermone
1378 2775 1384 2810 :
1403 2760 1436 2826 N,
1450 2763 1509 2813 Lo·

347 2853 402 2896 cut.
418 2874 454 2884 -
472 2864 514 2898 ιο.
538 2845 587 2897 hae
607 2864 635 2899 re
654 2845 792 2917 judicium
809 2864 815 2899 :
834 2849 868 2900 N.
886 2877 920 2888 -
937 2846 1087 2917 analogia:
1110 2850 1130 2899 B
1155 2849 1177 2900 N
1204 2849 1264 2900 Prat
1280 2849 1299 2899 P
1318 2848 1357 2916 C3
1381 2849 1410 2900 in
1436 2866 1509 2902 ana-

349 2933 420 3002 logia
438 2953 471 2988 :a
488 2934 609 3003 bTFS,
623 2939 729 3009 Caum,
746 2934 862 2988 Bounell.
878 2965 912 2976 -
931 2938 973 2990 13.
988 2946 1013 2988 et
1031 2938 1135 2989 ineerta
1152 2953 1158 2988 :
1174 2939 1206 3005 A,
1224 2933 1340 3006 Bonncll,
1355 2934 1454 3008 Μαίης
1476 2949 1508 2991 ut

347 3022 450 3076 incerta
467 3041 474 3076 :
490 3033 550 3076 cett.
568 3025 643 3078 codd.
661 3035 686 3078 et
698 3029 728 3078 Z.
741 3056 774 3065 —
790 3028 830 3078 16.
849 3025 949 3078 habere
969 3027 1124 3078 rationem:
1147 3028 1296 3099 Capperun.
1320 3026 1376 3078 siae
1395 3036 1508 3080 auctor.

347 3111 426 3168 codd.

381 3309 405 3355 Ι.
426 3333 456 3343 -
471 3305 537 3370 Virg.
556 3308 614 3354 AEu.
632 3305 683 3366 stt,
699 3309 758 3356 208.
947 3307 990 3372 at)
1010 3306 1070 3367 ;Cl.
1088 3305 1196 3368 lerion,
1214 3307 1241 3356 t.
1262 3307 1290 3356 L.
1309 3305 1360 3367 ΙΙΙ;
1374 3305 1433 3355 c'est
1457 3323 1511 3358 une

381 3384 405 3429 5.
423 3408 454 3417 —
467 3380 532 3444 Vir-g.
550 3381 611 3446 agl.
626 3381 669 3443 ΙΙΙ,
687 3386 729 3431 69.
949 3382 1060 3446 question
1080 3382 1150 3447 quia
1174 3383 1298 3448 beaucoup
1316 3380 1455 3448 preoccupe
1474 3383 1510 3433 les

382 3459 406 3503 5.
425 3483 455 3490 -
469 3454 536 3519 Virg.
553 3452 613 3504 ibid.
631 3457 649 3517 l,
670 3460 709 3506 ts.
943 3458 1042 3507 anciens
1052 3458 1245 3525 grammairiens.

382 3537 405 3583 7.
427 3531 469 3579 ΙἰἸ
487 3549 558 3581 error
578 3533 701 3583 ltcuestas.
719 3564 750 3574 —
770 3537 856 3606 Zumpt
878 3549 902 3589 et
981 3537 1018 3584 16.
1045 3539 1101 3598 Quae
1116 3545 1172 3582 sum
1187 3532 1320 3601 esingulis.
1343 3561 1368 3570 -
1387 3532 1427 3583 Cf.
1445 3535 1511 3584 Var-

348 3605 383 3656 ll.
399 3606 471 3656 Halm
487 3608 667 3674 acceptersicnt
679 3611 701 3659 la
724 3611 794 3677 leqon
813 3614 845 3662 du
855 3613 902 3665 Ms.
945 3625 1002 3670 ron,
1018 3609 1047 3661 L.
1060 3611 1088 3660 L.
1100 3610 1133 3660 ΙΧ
1149 3608 1286 3659 :luserbis
1300 3626 1350 3678 quse
1361 3625 1411 3657 nou
1427 3607 1511 3658 deeli-

349 3682 379 3731 de
389 3683 407 3732 F
409 3683 514 3742 lucense,
524 3683 585 3734 mais
606 3700 666 3734 arec
676 3694 739 3735 cette
747 3690 900 3754 restrictiori,
947 3696 1043 3735 truatur
1064 3685 1184 3754 analogia
1193 3704 1241 3734 nou
1259 3683 1327 3734 debet
1337 3686 1423 3754 queri,
1438 3697 1467 3734 ut
1479 3687 1507 3734 in

349 3758 384 3807 dit
397 3757 429 3808 ll.
447 3757 528 3821 Halm,
543 3776 590 3824 que
604 3758 675 3809 uetus
688 3760 723 3811 itit
740 3761 763 3812 le
787 3764 904 3816 reritsbte
946 3759 982 3810 tis
999 3782 1009 3806 u
1026 3779 1212 3832 nequam,mor‚
1226 3762 1268 3810 uia
1288 3781 1311 3810 a.
1327 3761 1410 3811 Delst’s
1423 3764 1508 3829 magis

348 3843 429 3896 texte;
447 3850 476 3884 or
497 3835 520 3884 le
539 3852 594 3886 sens
609 3845 646 3887 est
664 3838 756 3887 :etium
774 3857 843 3889 error
855 3858 903 3890 non
946 3837 971 3885 in
984 3837 1037 3886 clio
1050 3855 1121 3907 qieam
1132 3840 1156 3886 in
1171 3837 1222 3887 alio
1236 3848 1335 3886 erratur
1352 3836 1461 3888 uerbo...
1472 3867 1508 3876 -

350 3909 477 3959 indecorus
494 3921 531 3959 est
543 3929 646 3980 magnos
656 3909 727 3963 duces
739 3913 903 3983 sequentibus.
945 3913 1079 3974 Quintilien
1095 3913 1195 3964 saltere
1207 3914 1230 3964 le
1246 3929 1299 3963 sens
1314 3913 1344 3962 du
1361 3930 1462 3980 passage
1476 3915 1509 3963 de

350 3984 388 4036 Gi.
410 4001 416 4037 :
438 3985 469 4046 ΙΙ,
484 3990 509 4049 5,
536 3991 567 4037 26
598 4006 603 4037 :
633 3990 709 4039 tutius
726 3991 791 4038 eirca
810 3993 905 4060 priores
947 3989 1039 4039 Van-on
1058 4007 1089 4039 en
1108 3998 1311 4056 necomprensnt
1328 4005 1376 4054 que
1393 3989 1429 4039 les
1450 4006 1508 4039 mo·

353 4060 395 4109 vel
409 4072 515 4111 erratur.
948 4065 1085 4131 nosyllabes
1095 4066 1155 4114 daris
1169 4067 1191 4114 la
1204 4064 1325 4130 cutigorie
1342 4065 1383 4113 des
1396 4073 1462 4114 mots
1475 4068 1509 4114 uis

387 4140 426 4186 tu.
452 4136 636 4205 Aitslogisae-
660 4141 745 4207 Zumpt
756 4142 865 4208 pretend,
893 4145 906 4192 'a
948 4141 965 4189 il
980 4158 1010 4189 ue
1021 4141 1071 4190 laut
1086 4158 1126 4207 pas
1138 4140 1509 4205 cherclrerl'analogie.-It'e-

350 4223 410 4273 tort,
425 4213 485 4276 qu'il
500 4224 536 4263 est
557 4215 656 4265 difficile
678 4217 708 4265 de
731 4218 867 4284 supprimer
884 4219 906 4267 la
945 4222 1044 4283 gantur
1059 4214 1145 4266 debere
1157 4218 1273 4265 rationem
1287 4217 1326 4264 n'a
1338 4215 1507 4281 pasiticons·

351 4287 501 4353 priposition
517 4290 541 4337 in
562 4308 570 4338 :
587 4291 609 4340 la
628 4294 795 4342 construction
810 4311 866 4344 sans
881 4295 905 4342 iu
948 4291 1000 4357 pris
1015 4291 1055 4340 des
1069 4293 1228 4342 traducteurs.
1259 4291 1324 4340 Pons
1337 4290 1465 4357 expliquer
1480 4308 1508 4341 ce

351 4371 385 4411 est
396 4363 452 4411 bien
463 4363 608 4429 preferable.
619 4396 646 4404 -
657 4368 791 4429 Quintilien
801 4370 907 4435 esqnissc
947 4383 1044 4433 passage
1054 4367 1070 4416 il
1087 4367 1137 4417 saut
1153 4369 1283 4434 repreudre
1292 4375 1344 4416 tout
1358 4367 1381 4416 le
1396 4367 1458 4415 livre
1474 4366 1507 4416 lX

354 4436 504 4503 rapidement
528 4442 549 4490 la
566 4441 660 4492 thiorie
672 4444 701 4493 de
717 4444 852 4513 l’snalogie
870 4449 907 4512 (3-
947 4444 978 4492 de
996 4442 1112 4504 Varrou3
1133 4459 1163 4492 su
1177 4443 1251 4495 delun
1266 4444 1282 4492 il
1302 4443 1336 4492 dit
1351 4459 1357 4493 :
1373 4463 1382 4487 s
1400 4442 1429 4491 ln
1451 4460 1507 4493 ver-
